3160 5198
271 287 350 368 1⁷4
484 261 669 342 Moror
707 267 1038 350 Hrurourur
1073 267 1219 352 Vrnrr

373 491 748 700 urvo
834 537 1333 704 PAULO

484 819 1166 966 ..APOSTOLQ
1337 834 1341 840 ’

432 1140 472 1224 Τ
493 1137 595 1242 sunt,
621 1140 687 1252 qui
705 1139 871 1224 tendant
886 1139 980 1226 coeli
993 1141 1195 1250 explorate
1214 1141 1406 1254 profunde

273 1151 427 1524 E
459 1313 641 1419 Consilia,
655 1341 700 1399 rc
716 1312 869 1425 penitus
885 1313 1007 1400 teffls
1019 1313 1262 1426 deprendere
1276 1315 1414 1424 causas,

460 1490 550 1572 Nec
563 1487 745 1572 dubitent
763 1490 803 1572 in
817 1489 876 1599 jus
894 1513 1018 1598 prope
1036 1486 1141 1572 sa'cru
1154 1515 1249 1574 voce
1268 1515 1406 1576 vocare

269 1653 423 1764 Regem
439 1654 559 1762 ipsum
577 1657 683 1764 coeli,
710 1656 738 1740 li
755 1652 860 1739 forte
875 1652 969 1766 quid
986 1655 1117 1738 evenit
1133 1656 1305 1767 usquum,

270 1815 443 1930 Legibus
460 1824 636 1907 anostris
650 1821 755 1935 quod
774 1824 892 1934 longe
910 1850 955 1906 ac
973 1821 1144 1906 moribus
1161 1823 1272 1931 abfit,
1414 1857 1428 1914 r

270 1983 495 2070 obduuum
513 1991 629 2098 nube,
652 2018 696 2074 ac
715 1991 825 2100 picea
842 1988 1005 2102 caligine
1024 1997 1235 2101 opertum?

269 2153 367 2237 Non
386 2155 565 2268 equidem
586 2157 731 2242 meritis
750 2157 975 2268 presentem
991 2157 1154 2238 numinis
1172 2185 1306 2242 auram

270 2319 509 2432 Affequimur
525 2323 617 2410 freti
635 2325 788 2429 nostris,
815 2321 1010 2434 nostrique
1029 2321 1194 2428 labores,

269 2489 352 2572 Aut
369 2488 574 2578 benefacta
590 2519 723 2603 parum
743 2488 906 2599 prosint,
929 2489 970 2572 ui
987 2487 1150 2598 desuper
1165 2487 1261 2574 adsit

269 2655 462 2743 Auxilium
480 2664 597 2771 prius,
622 2672 662 2746 δι
676 2661 789 2742 favor
806 2657 1088 2766 omnipotentis
1106 2656 1279 2767 Olympi.
1398 2689 1431 2731 ιο

267 2823 460 2932 Ecquibus
475 2827 630 2942 egregie
646 2823 772 2930 facilis,
799 2851 877 2936 quo
893 2850 1052 2907 munere
1069 2823 1216 2929 Saulus,

269 2987 360 3102 Qu
377 2991 524 3097 pietate
541 2999 669 3078 Deum
688 2992 757 3076 libi
774 2987 1007 3094 conciliavit,
1027 3010 1070 3072 ut
1086 2990 1188 3072 ultro

267 3152 369 3270 'l’am
389 3158 499 3270 nigra
518 3159 658 3242 mentis
674 3159 724 3242 de
741 3160 859 3242 nolle
878 3177 1040 3266 repente
1057 3177 1214 3242 vocatus

268 3320 371 3406 Tam
389 3325 527 3408 claram
547 3325 588 3410 in
604 3325 746 3429 lucem,
765 3325 959 3436 tantisque
978 3343 1133 3434 ereptus
1148 3323 1198 3406 ab
1213 3319 1325 3404 undis

267 3486 370 3571 Tam
388 3510 488 3600 tuta,
506 3493 633 3606 pelagi
652 3494 815 3594 securus,
834 3491 875 3574 in
890 3517 978 3574 arce
994 3489 1171 3573 sederet?
1399 3517 1428 3577 ¹5

268 3652 339 3735 Ille
354 3655 507 3765 quidem
526 3661 658 3768 primis
676 3659 756 3743 veri
774 3677 1026 3768 contemptor
1041 3657 1091 3740 ab
1107 3656 1216 3740 annis

268 3819 477 3906 Gaudebut
491 3825 647 3910 Christo
664 3825 808 3912 infestis
827 3823 865 3908 se
880 3849 1081 3934 opponere
1099 3820 1226 3934 lignis,

268 3987 336 4069 Ne
353 4013 456 4076 nova
472 3993 624 4108 relligio
639 3993 797 4108 surgens
815 3992 853 4074 se
873 3987 992 4072 ferret
1008 3989 1051 4073 in
1069 4015 1193 4093 auras,

269 4151 401 4269 Qum
420 4177 533 4269 pater
548 4163 798 4272 omnipotens
816 4155 973 4245 tandem
993 4155 1220 4241 mortalibus
1239 4154 1352 4268 aegris

1291 4317 1431 4404 Osten-
