3180 5184
331 280 521 364 Hunnr
560 297 623 356 uu
659 273 823 360 Rnnus
859 278 1096 364 Drvrnrs.
1275 316 1327 382 27

149 497 391 606 Quanquam
411 495 459 578 b!
487 490 560 578 sed·
574 519 661 576 mea
675 517 740 577 me
757 492 936 604 graviora
953 493 1102 604 piacula
1121 495 1292 603 tardant,

148 665 222 746 Ne
236 662 392 745 teserre
407 687 562 773 queam,
583 659 736 769 qualem
755 677 796 743 te
811 659 946 772 legifer
964 659 1069 743 idem

148 825 347 912 Palmiferi
365 829 463 915 vidit
484 822 662 912 nimboso
677 825 720 910 in
734 824 878 911 vertice
898 828 999 911 Sinae

147 994 392 1080 Fulminibus
407 996 548 1080 crebris
566 991 734 1076 fumanti
750 1012 887 1078 monte
902 1011 1121 1080 tonantem.

148 1163 217 1244 Da
235 1161 331 1246 mihi
351 1184 406 1266 te,
433 1189 532 1279 eque
549 1160 648 1244 mbo
663 1180 731 1246 tua
744 1187 822 1248 vox
836 1180 1031 1275 utcunque
1049 1161 1211 1270 feratur,
1266 1194 1320 1262 ,ες

147 1335 299 1440 Meque
318 1356 429 1435 vota,
449 1357 537 1416 mea
551 1353 624 1414 uec
639 1329 843 1441 quicquam
858 1329 1055 1421 commissa
1072 1351 1296 1418 morentur:

123 1484 126 1495 ’
150 1493 193 1600 si
207 1495 340 1604 potuit
357 1497 568 1608 quondam,
598 1496 665 1606 qui
684 1515 802 1610 teque
818 1495 980 1609 tuosque
997 1498 1160 1607 petebat

150 1659 315 1770 Infidiis,
342 1665 514 1750 faustum
535 1659 585 1746 de
603 1661 709 1745 coelo
724 1691 883 1750 cernere
897 1665 1044 1774 lumen,

149 1827 291 1940 Teque
309 1829 456 1936 audire,
482 1825 564 1914 fnit·
576 1829 779 1940 postquam
798 1830 847 1916 ad
863 1832 1024 1924 meliora
1041 1857 1213 1941 vocatus,

149 1997 297 2080 Exutus
315 2016 488 2083 veterem
506 1995 640 2080 Paulus
654 2023 740 2082 curn
754 1998 915 2100 nomine
932 2020 1126 2094 mentem:
1265 2039 1322 2100 59⁰

150 2169 220 2246 Me
234 2191 388 2278 quoque
406 2183 535 2270 perta
557 2180 664 2270 tuum
676 2161 732 2260 est
746 2166 930 2272 miseperi,
943 2177 984 2254 δε
997 2195 1155 2278 parcere
1170 2171 1322 2284 semper

150 2329 353 2450 §ubJ'etstiq
374 2355 583 2443 puramque
599 2329 756 2422 adniffa
772 2329 986 2416 fatentibus
1003 2334 1121 2444 ultro,

150 2497 264 2637 Qus
282 2519 372 2602 tuns
390 2499 470 2608 ipse
486 2498 539 2592 sui
557 2517 670 2583 uatus
686 2498 780 2582 lavit
797 2523 912 2580 amne
930 2501 1098 2599 cruoris;

149 2661 326 2774 Qando
343 2665 472 2775 operis
486 2665 559 2748 ¹tibi
574 2691 667 2750 eura
686 2661 755 2765 tui,
781 2687 856 2744 nec
871 2660 1012 2746 deseris
1030 2691 1212 2776 unquam,

149 2831 264 2946 Qus
282 2832 397 2918 semel
411 2830 552 2918 indias
567 2830 697 2916 eduxti
715 2827 869 2914 luminis
886 2856 988 2937 oras,
1060 2822 1063 2827 ’
1264 2869 1316 2932 595

149 2999 302 3106 Sponte
321 2998 386 3083 sna
403 2997 472 3082 fibi
488 2997 530 3082 ni
548 2995 684 3104 desint,
710 2997 953 3110 perdantque
970 2993 1160 3082 volentes.

147 3166 349 3252 Mentibus
366 3165 407 3248 in
425 3165 564 3248 nostris
583 3164 734 3276 semper
747 3163 839 3252 seris
855 3191 970 3250 aurea
987 3166 1086 3250 resti

149 3333 307 3415 Semina
313 3377 327 3432 ς
353 3331 600 3444 siquicquam
620 3331 856 3445 ingredimur
876 3348 914 3413 te
932 3330 1061 3442 judice
1078 3331 1255 3446 dignum,

149 3497 214 3581 Tu
230 3499 346 3584 nobis
360 3499 429 3584 das
446 3499 543 3583 velle
558 3503 674 3610 prius,
700 3499 791 3582 dein
810 3497 942 3582 sufficis
958 3519 1102 3608 aptam,

151 3665 240 3780 Qu
255 3665 342 3750 fieri
357 3665 398 3748 id
413 3663 542 3778 poffit,
562 3667 655 3774 vim,
676 3685 804 3749 necte
824 3663 1011 3749 subtrahis
1027 3693 1209 3778 unquam,
1262 3683 1319 3772 φο

151 3833 329 3918 Tramite
348 3833 389 3916 ui
404 3833 500 3917 sessi
518 3830 618 3916 male
634 3829 724 3916 snafi
748 3829 887 3940 sponte
904 3831 1041 3916 reli&o

149 4000 337 4086 Labimur
351 3999 395 4083 in
409 3981 540 4106 scelus,
566 4010 607 4085 δι
622 3999 722 4086 votis
739 3997 931 4112 agitamur
944 3998 1108 4112 iniquisa¹

148 4171 281 4282 Atque
300 4187 410 4252 tuam
427 4164 614 4280 oppositis
633 4165 770 4252 animis
786 4165 992 4290 avertimur
1012 4189 1168 4248 auram:

919 4335 958 4416 D
978 4363 1001 4414 2
1206 4325 1321 4406 Tunc
