3168 5190
272 319 350 390 252
488 291 1220 388 MarcrHrrrourrrrvroa

269 505 443 616 Implesti
459 505 672 590 accendens
689 505 780 590 lucis
797 507 965 592 eoelestis
985 535 1174 594 amorem.

270 673 1150 789 mefflmmmmfflffloe

270 841 499 955 Pugnando,
521 839 559 922 in
578 839 730 949 populis
748 842 815 924 ubi
832 843 995 950 plurima
1015 845 1114 953 saepe
1134 863 1272 929 coorta
1286 845 1340 929 est
1404 879 1431 934 u

273 1008 438 1112 Seditio,
463 1007 610 1093 aversas
629 1007 812 1092 revocasti
832 1009 872 1091 in
892 1010 1049 1119 pristina
1066 1035 1233 1119 mentes,

273 1177 540 1287 Audioresque
558 1176 649 1259 mali
669 1177 788 1262 muita
807 1178 958 1258 ratione
975 1173 1153 1263 subactos

271 1347 404 1456 Urges
421 1367 529 1448 voce,
551 1343 750 1454 adigisque
765 1344 908 1428 invitos
927 1369 1016 1426 vera
1037 1347 1163 1428 fateri.

273 1511 401 1594 Aurea
417 1509 540 1594 adhuc
558 1531 812 1594 monumenta
832 1529 993 1595 manent
1011 1509 1141 1594 divina
1160 1535 1328 1621 reperta,

271 1675 602 1762 Thesaurissensa
622 1677 1209 1784 orandoecoelestibushausta‚
1399 1707 1431 1766 ro

272 1847 349 1926 Pro
368 1845 505 1954 quibus
523 1847 688 1958 optabas
708 1846 794 1952 (tibi
810 1845 889 1926 veri
910 1865 1019 1928 tanta
1037 1847 1193 1958 cupido,

272 2011 426 2096 Tantus
443 2039 553 2096 amor
568 2014 672 2120 coeli)
694 2012 899 2095 mortalem
919 2011 1116 2096 effundere
1136 2016 1255 2097 vitam

272 2179 462 2284 Fortiter,
484 2201 600 2289 atque
620 2203 690 2264 tuo
707 2179 837 2260 testari
855 2205 944 2262 vera
959 2205 1108 2282 cruore,

272 2349 327 2429 Et
344 2367 481 2455 petere
498 2345 686 2459 insignem
705 2346 874 2455 palmae
891 2345 1048 2427 victrice
1066 2373 1264 2430 coronam.

276 2513 408 2625 Atque
426 2513 516 2600 ideo
536 2515 575 2597 in
593 2513 704 2596 terris
723 2513 793 2596 tibi
810 2509 909 2622 saepe
925 2511 1061 2595 affulfit
1079 2515 1129 2595 ab
1146 2513 1228 2596 aito
1400 2545 1430 2604 rr

274 2679 517 2766 Coelicolum
534 2705 659 2791 pater,
687 2707 731 2762 ac
748 2680 866 2789 pleno
883 2675 921 2760 se
939 2680 1094 2762 numine
1114 2679 1230 2786 fudit,

274 2843 372 2960 Qo
389 2851 577 2955 praesente
594 2847 724 2932 datum
742 2847 812 2929 tibi
829 2847 927 2956 saepe
946 2847 1130 2929 micantia
1146 2849 1289 2931 Divum

273 3004 444 3113 Templa
463 3007 595 3088 animo
615 3033 835 3120 peragrare,
854 3007 1011 3116 polique
1029 3032 1166 3087 arcana
1182 3003 1336 3087 referre.

275 3173 384 3276 Saepe
401 3170 604 3255 hominum
625 3175 761 3258 tacitas
781 3172 955 3255 fimularo
972 3173 1011 3252 in
1031 3173 1190 3278 pectore
1208 3151 1317 3254 curas

274 3340 457 3422 Detexti:
487 3339 586 3450 saepe
602 3342 788 3424 instantes
808 3337 1310 3450 morbosquoiamemque,
1403 3361 1436 3424 σο

274 3507 499 3619 Praeliaque,
522 3509 736 3620 cladesque,
760 3518 800 3595 ὅτ
817 3505 951 3590 funera
972 3505 1188 3612 praedixisti.

273 3674 338 3756 Te
354 3675 454 3756 nulla
471 3675 611 3756 inferni
631 3675 759 3783 potuit
777 3674 833 3756 vis
851 3693 1001 3754 vertere
1021 3674 1202 3756 monstri:

273 3843 345 3926 Nil
365 3841 482 3926 animi
502 3869 667 3924 nocuere
687 3863 826 3944 truces,
855 3839 932 3922 fine
952 3853 1117 3948 corpore
1139 3841 1276 3951 vulgus

273 4008 539 4120 Nubivagurn,
559 4037 688 4090 aereas
712 4031 806 4116 quos
823 4005 920 4088 clam
937 4007 1106 4088 volitare
1123 4035 1193 4117 per
1209 4033 1332 4109 auras,

273 4168 620 4284 Atque'hominum
641 4172 847 4286 perhibent
867 4195 1017 4257 mentes
1036 4174 1227 4261 abducere
1247 4175 1367 4257 teoto.
1408 4185 1438 4260 ⁶5

1332 4335 1439 4422 Pesti-
