3160 5198
247 319 325 396 114
462 295 647 372 diener
685 289 1012 372 Hieronem
1052 289 1197 377 Vroa

241 503 395 590 Incedis
412 503 560 618 regina,
582 523 697 614 caput
713 504 892 589 redimita
908 503 1062 588 coronis
1350 554 1354 563 ·
1386 547 1432 590 ιο

241 671 431 770 Sidereis;
459 671 531 754 tibi
551 669 619 754 sub
638 669 799 780 pedibus
815 671 932 754 micat
948 698 1065 755 aurea
1080 674 1184 778 luna,

239 847 437 954 Igneaque
455 837 552 920 astra
569 839 711 947 premis
731 837 860 920 subter
878 837 1049 921 labentia
1064 839 1208 924 mundi.
1254 803 1257 814 .

246 1015 252 1026 ‘
311 1015 453 1090 Mente
466 1004 559 1088 olim
576 1023 688 1115 pater
703 1004 953 1114 omnipotens
973 1026 1013 1088 te
1029 1007 1178 1118 legerat
1196 1005 1274 1089 alta

236 1173 438 1278 (Nondum
459 1169 625 1255 mundus
642 1175 740 1282 erat)
762 1171 892 1254 multis
915 1169 963 1252 de
982 1173 1146 1256 millibus
1163 1199 1292 1277 unam,

237 1345 337 1454 Qae
353 1337 447 1422 coeli
465 1363 596 1446 regem
616 1365 769 1446 pareres
788 1337 900 1420 enixa
917 1337 985 1420 sub
1003 1315 1127 1422 aurae.
1378 1379 1419 1436 ις

237 1513 367 1618 Atque
387 1505 491 1610 ideo,
509 1505 711 1615 postquam
728 1503 860 1588 divino
875 1503 1028 1588 foedere
1048 1525 1165 1612 rupto

122 1721 125 1730 ¹
235 1675 383 1762 Primus
401 1673 442 1756 in
458 1671 557 1754 orbe
576 1696 715 1780 parens
734 1669 934 1754 hominum
952 1671 990 1754 se
1006 1670 1177 1780 perdidit
1197 1669 1292 1782 ipse,

235 1845 362 1950 Seque
378 1840 563 1949 suumque
582 1863 705 1950 genus
724 1835 882 1921 veniens
900 1841 1074 1946 corrupit
1092 1837 1132 1921 in
1151 1867 1285 1944 aevum,

233 2007 323 2090 Sola
343 2005 446 2089 malo
461 2025 598 2088 exorta
615 2027 669 2108 es,
695 2001 894 2114 veterique
913 2001 1099 2113 impervia
1116 2033 1242 2111 noxae,

234 2179 309 2258 Seu
327 2197 393 2257 tua
409 2193 450 2256 te
465 2171 633 2286 genitrix
651 2171 850 2274 intadtam,
871 2179 911 2252 &
929 2170 1081 2278 prorsus
1099 2173 1210 2256 avitae
1372 2213 1416 2256 ιο

233 2347 427 2427 Secretam
446 2339 601 2424 macula
618 2333 774 2450 gravida
788 2337 969 2448 concepit
984 2339 1024 2422 in
1040 2341 1146 2424 alvo:

233 2514 308 2594 Seu
326 2507 434 2592 simul
452 2527 570 2620 atque
586 2527 699 2588 utero
716 2511 902 2588 concreta
915 2530 971 2610 es,
985 2505 1206 2589 coelicolum
1227 2532 1293 2591 rex

231 2677 493 2760 Communem
511 2675 655 2760 exemit
668 2672 810 2777 labem,
835 2695 1044 2785 puramque
1060 2673 1225 2786 reliquit,

231 2845 299 2926 Ne
319 2865 403 2927 tuus
420 2831 597 2926 exoriens
611 2868 707 2953 pura
724 2837 889 2950 dilapids
902 2837 952 2922 ab
967 2837 1091 2928 aethra

229 3008 456 3114 Parreoiim
469 2975 1105 3114 foetuaforetinfincemaabulla,
1365 3043 1406 3106 ²5

229 3177 319 3260 Nec
332 3173 496 3284 priscam
513 3173 687 3257 traheret
705 3191 884 3256 materno
901 3171 1121 3286 asanguine
1135 3175 1273 3260 labem.

229 3341 368 3453 Teque
385 3339 528 3426 debinc
540 3338 713 3426 crescens
728 3339 862 3452 procul
878 3341 988 3425 omni
1003 3343 1162 3452 innoxia
1178 3343 1290 3455 culpa

227 3511 424 3614 Sanctam,
446 3507 709 3620 incorruptam
726 3507 877 3592 serrasti
891 3507 1048 3620 praefide
1064 3510 1191 3632 arnico

226 3678 333 3762 Tuta
347 3681 453 3784 Deo,
472 3684 517 3760 'ac
535 3675 653 3760 veluti
667 3675 755 3760 latis
772 3673 991 3760 nitidiffima
1006 3675 1155 3790 c'ampit

165 3829 168 3838 ’
226 3845 500 3958 virgeorum,
519 3841 737 3954 prirnosque
750 3867 857 3928 noro
874 3841 971 3926 dana
988 3845 1133 3930 vertice
1149 3843 1264 3928 flores
1357 3855 1400 3936 36

223 4017 272 4094 In
288 4035 423 4122 regum
438 4009 660 4096 fortunatos
677 4007 887 4096 traducitur
901 4007 1042 4096 hortos
1047 4055 1062 4112 ς

222 4177 427 4262 Continuo
444 4175 551 4264 sedes
569 4173 707 4291 liquisti
721 4177 879 4290 parvule
892 4177 1028 4287 avitas,

1269 4340 1393 4428 Tem·
