3180 5184
264 275 312 350 rt
478 269 661 348 Manet
701 267 1033 350 H1auouum1
1069 273 1211 354 Vtut

259 483 524 588 Auricomum‚
552 491 593 566 &
611 499 737 567 totum
754 471 870 568 radiis
885 484 1124 570 vibrantibus
1141 511 1313 596 aureum,

259 652 416 736 Laetitia
433 649 560 756 exilui,
578 677 705 760 neque
722 669 874 734 tantum
891 649 984 734 lucis
999 649 1040 734 in
1058 651 1151 760 ullo,
1371 689 1431 750 3⁷5

259 821 341 928 Qi
359 845 441 900 non
461 817 581 928 longe
599 817 693 899 effet
709 817 820 926 supra
837 817 983 922 omnia,
1008 817 1169 903 credere
1184 820 1352 933 quibam

257 989 342 1069 Lux
361 1003 492 1068 tamen
510 982 575 1066 illa
591 1009 729 1093 expers
748 983 850 1090 vitae,
877 994 917 1068 δε
935 981 1010 1067 stne
1029 983 1195 1072 senfibus
1207 986 1331 1102 ignes,

257 1155 342 1236 Lux
358 1151 432 1236 alia
451 1150 501 1235 de
516 1151 612 1256 luce,
640 1150 722 1235 aliis
738 1149 864 1259 deque
882 1149 1035 1262 ignibus
1051 1151 1164 1262 ignis,

257 1319 534 1429 Artificemque
550 1315 656 1402 suum
674 1344 744 1401 ceu
760 1333 899 1401 caetera
918 1313 1038 1400 sidera
1054 1319 1177 1403 novit.

256 1486 438 1568 Necdum
457 1485 577 1568 oculis
594 1483 669 1567 sese
687 1483 835 1592 praebet
852 1483 959 1566 nitor
974 1511 1110 1568 aureus
1126 1485 1204 1594 ilie,
1370 1515 1433 1591 3⁸·

256 1653 338 1766 Qi
354 1679 441 1737 cum
457 1652 596 1735 euntia
612 1669 760 1754 moret,
784 1677 866 1732 non
883 1649 940 1732 est
956 1648 1145 1737 obnoxius
1162 1655 1244 1761 ulli,

104 1889 110 1904 .
254 1817 433 1903 Exterius
450 1815 570 1929 quise
589 1837 762 1902 moveat:
792 1815 832 1898 se
845 1815 1000 1901 conciet
1017 1817 1141 1927 ipsum

254 1990 405 2097 Sponte
419 1983 484 2070 sua
495 1985 672 2068 exoriens
684 2001 937 2094 nunquam‚ut
948 2011 1072 2096 neque
1084 1983 1231 2073 definet
1241 2017 1427 2102 unquam.

323 2152 539 2239 Restabant
554 2178 641 2234 unae
656 2150 809 2261 aligerae
824 2167 915 2232 toto
932 2151 1077 2234 aethere
1093 2174 1258 2262 mentes,

255 2319 448 2406 AEthereae
462 2317 660 2402 coelestum
677 2315 827 2420 anima,
850 2317 1015 2426 vitaeque
1030 2317 1218 2426 volucres,
1365 2349 1423 2420 ³⁸5

253 2487 466 2571 Primorem
485 2485 625 2596 stipant
639 2509 724 2595 quae
739 2503 912 2567 mentem
929 2483 1105 2568 examine
1122 2485 1244 2571 denso

252 2655 389 2766 Usque
407 2653 616 2738 ministerio
632 2651 807 2756 intenta,
827 2648 1010 2762 juffaeque
1029 2671 1162 2738 rotatu

253 2819 388 2903 Sidera
403 2839 596 2928 perpetuo
609 2833 796 2924 torquent
810 2813 1005 2899 volventia
1022 2817 1168 2905 mundi.

254 2983 415 3088 Acceffi,
438 2983 685 3091 mediumque
704 2977 795 3062 dedi
812 3005 875 3062 me
892 2979 999 3066 laetus
1019 2985 1059 3072 in
1079 3011 1232 3096 agmen.

253 3151 332 3236 Hic
348 3147 514 3252 choreae,
535 3145 597 3231 hic
613 3165 749 3230 cantus
761 3145 914 3253 hilares,
934 3147 1117 3261 thiasique
1130 3153 1326 3264 chorique,
1362 3193 1424 3255 390

255 3314 496 3424 Gaudiaque,
516 3325 557 3398 ὅτ
576 3311 654 3396 laeti
673 3310 785 3418 lusus,
807 3313 869 3396 hic
888 3315 1020 3397 omnia
1037 3317 1138 3400 iaeta.

253 3485 366 3568 Illum
382 3479 495 3586 adeo,
514 3477 609 3564 mihi
626 3477 691 3589 qui
709 3479 805 3566 visus
824 3483 1064 3591 praestantior
1077 3484 1187 3568 omni

251 3651 410 3735 Illorum
431 3673 647 3750 enumero,
676 3643 849 3733 sanetum
867 3676 939 3734 ceu
956 3675 1101 3732 numen
1118 3647 1252 3732 adoro.

251 3815 467 3902 Inclamant
486 3841 636 3922 omnes,
660 3814 701 3898 in
719 3813 850 3924 primis
865 3815 983 3900 verba
998 3815 1192 3925 precantis

251 3981 338 4090 Ipse
357 4001 478 4083 arcet,
500 3976 730 4092 refugitque,
752 3977 906 4064 humilis
920 3983 978 4066 cui
994 3979 1109 4064 thura
1123 3981 1319 4090 parabam,
1360 4019 1415 4082 tat

249 4143 374 4262 Seque
391 4149 524 4234 Deum
542 4166 676 4260 negat,
696 4162 814 4254 atque
830 4145 910 4232 Dei
926 4149 990 4242 vix
1005 4147 1199 4237 cernimus
1212 4147 1283 4262 ipfi

1279 4313 1421 4425 Instar,
