3160 5198
393 247 578 326 Hamus
616 265 674 324 us
715 243 884 324 Rsaus
910 241 1153 328 Davaurs.
1279 273 1353 356 ¹5³

188 469 243 546 At
261 489 352 543 mox
367 462 432 544 ubi
451 459 536 543 usus
551 457 670 562 venit,
699 457 739 540 in
758 457 977 542 discrimine

186 627 378 712 Deserere
397 654 485 710 eum
503 621 606 709 haud
624 624 800 736 puditum
819 626 888 732 est,
916 625 966 707 ab
981 623 1146 710 hostium
1163 625 1286 742 giobo

189 793 408 898 Obsessum,
435 793 637 898 inermem,
662 791 754 876 dum
771 811 879 876 metu
895 794 1124 903 perterritus

187 967 297 1074 Fuga
313 960 424 1043 saluti
441 958 605 1042 consulis
621 959 846 1071 turpiffima,

189 1129 393 1238 Foedeque
411 1126 642 1210 diffimulans
659 1127 732 1211 tibi
750 1127 907 1238 usquam
925 1131 1129 1242 cognitum
1319 1155 1361 1233 'tsi

189 1303 288 1380 Eum
310 1318 370 1378 ter
389 1294 566 1407 abjurasti
583 1297 727 1379 amicus
742 1293 925 1404 optimus.

191 1463 469 1546 convincimus
487 1461 525 1546 se
544 1463 689 1545 habere
707 1461 762 1544 ita
778 1459 872 1566 haec,
900 1489 973 1546 nec
989 1463 1175 1576 quispiam

189 1631 320 1713 Potest
338 1657 496 1742 negare:
529 1627 769 1740 poenitentia
785 1625 886 1714 hanc
903 1647 1035 1717 tamen

190 1805 370 1883 Moerens
389 1798 487 1882 luisti
504 1794 661 1880 noxiam
677 1794 892 1880 celerrima.

189 1967 353 2050 Factum
371 1988 548 2075 putamus
565 1961 729 2074 provide
748 1961 931 2050 divinitus

190 2135 282 2215 Deo
300 2133 473 2235 volente,
500 2131 643 2214 scilicet
663 2159 742 2242 quo
760 2131 936 2216 sontibus

189 2305 383 2408 Expertus
398 2299 489 2383 hinc
506 2297 655 2410 ignosse
674 2295 837 2382 disceres
861 2300 936 2381 teis

190 2467 331 2553 Statim
346 2465 495 2550 siiturus
510 2463 657 2547 arbiter
673 2464 907 2548 mortalium.

190 2632 313 2750 Qod
327 2631 469 2717 deinde
487 2631 632 2717 fastum
651 2631 708 2713 est
719 2675 732 2729 3
759 2657 926 2742 namque
946 2633 1017 2717 tibi
1036 2636 1278 2726 concreditas

191 2803 275 2884 Tot
294 2800 433 2884 civium
452 2801 547 2884 vitas
566 2795 703 2882 fovens
722 2797 958 2910 humanitus,
1324 2841 1359 2908 55

190 2965 315 3050 Nullo
331 2965 416 3050 usus
433 2967 596 3076 imperio
613 2963 889 3075 acerbitateve,

190 3131 439 3246 Benignitate
459 3133 703 3240 temperabas
718 3135 841 3218 unica.

190 3303 362 3384 Demum
379 3297 485 3412 quod
503 3301 597 3382 olim
616 3327 823 3411 perperam
840 3329 1066 3414 peccaveras

188 3475 324 3551 Morte
340 3467 498 3578 expiasti
518 3466 685 3578 gloriosa
702 3470 894 3554 occubans

189 3635 349 3720 Pulchre
365 3663 440 3746 pro
458 3631 613 3742 eodem,
640 3661 753 3748 quem
771 3659 887 3720 antea
902 3631 1116 3725 fefelleras:
1321 3669 1361 3728 so

193 3809 322 3913 Atque
339 3803 370 3886 is
388 3802 488 3908 sitisti
505 3821 586 3885 tam
606 3803 724 3887 ardua
741 3803 782 3887 iu
801 3805 1013 3916 provincia,

190 3971 405 4081 Nunquam
421 3989 464 4053 ut
478 3970 645 4083 pigitum
662 3999 750 4056 eum
765 3970 825 4077 sat,
849 3973 919 4056 tibi
937 3973 1038 4059 hanc
1054 3975 1121 4088 qui
1134 3975 1315 4086 credidit,

12 4099 17 4110 ¹
190 4135 360 4250 Tibique
374 4133 573 4222 succedere
590 4137 690 4224 adeo
708 4141 1019 4248 innumerabiles,

55 4253 60 4262 ’
900 4313 944 4392 u
1219 4309 1366 4424 uuum
