3168 5190
264 263 343 316 202
474 239 665 314 Mnltcl
701 239 1035 320 Htrnonrnrr
1073 242 1215 326 Vror

260 455 324 534 Ut
340 450 481 534 dehinc
495 449 558 532 ille
575 469 640 532 tua
658 449 800 534 virtute
816 450 1006 564 inductus,
1026 466 1067 540 &
1086 415 1173 541 acri
1390 494 1426 535 u

258 619 423 704 Pefitore
440 618 585 701 Divum
605 615 729 720 adytis
748 618 833 725 post
850 617 889 701 se
911 617 1129 728 praefecetit
1144 649 1277 728 unum,

258 785 341 895 Qi
361 782 485 871 secum
502 784 643 866 sanetae
661 785 797 866 liberes
812 781 932 898 frugis
947 784 1140 874 honorem

257 955 433 1060 Semper,
454 953 552 1036 &in
572 949 724 1060 templis
743 952 909 1060 populos
925 954 1148 1066 peragenda
1163 982 1356 1042 monetes.

255 1123 319 1201 Ut
333 1119 488 1202 dentum
508 1120 571 1203 ille
590 1117 675 1200 neci
694 1144 767 1224 pro
786 1083 987 1230 relligione
1002 1145 1209 1229 parentum

254 1290 434 1369 Devotus
453 1287 571 1370 trucis
591 1281 734 1366 invidia
756 1281 936 1394 furiisque
953 1288 1120 1394 tyranni,
1386 1326 1419 1384 ις

253 1452 365 1537 Mille
383 1452 455 1536 tibi
472 1451 657 1536 instantes
677 1449 897 1559 ptaedixerit
913 1479 982 1534 ore
1000 1453 1150 1537 labotes

253 1619 458 1708 Veridico:
487 1617 537 1702 ad
555 1640 721 1714 ntottenr
741 1617 867 1700 senior
884 1617 1090 1702 laetiffinrus
1107 1623 1189 1703 ibat

251 1785 414 1871 Enfibus
433 1787 474 1867 in
491 1786 647 1883 mediis;
680 1785 858 1868 morituri
876 1812 981 1895 pone
996 1748 1164 1898 magistri

250 1957 369 2040 Actus
389 1979 524 2036 amore
543 1955 609 2062 pio
630 1955 796 2062 sequeris
813 1951 984 2062 vestigia,
1011 1979 1141 2038 necte

229 2120 477 2234 ‚Absterrere
495 2137 642 2229 queunt
661 2118 788 2203 edicta
805 2119 967 2202 immitia
983 2121 1105 2232 regis3
1383 2167 1420 2226 ,ο

249 2289 326 2373 Sed
345 2309 384 2372 te
401 2288 485 2372 luce
499 2286 625 2397 palam
645 2285 781 2369 mediis
800 2285 841 2367 in
858 2284 1024 2368 millibus
1041 2287 1170 2370 offers.

248 2461 319 2537 Me
335 2483 398 2538 me
415 2456 554 2538 etiarn:
579 2479 659 2564 quo
675 2453 820 2534 tractus
840 2450 946 2534 abis?
973 2479 1053 2562 quo
1067 2456 1257 2565 proripis?
1279 2457 1420 2569 inquis,

247 2623 391 2706 Sanete
410 2623 520 2708 audi:
550 2620 653 2704 casus
667 2645 823 2731 quoque
837 2645 900 2701 rne
920 2637 1045 2702 tecum
1066 2621 1192 2730 arripe
1207 2624 1249 2706 in
1268 2652 1418 2710 omnes.

247 2789 315 2872 Est
331 2788 407 2874 hoc
423 2791 479 2872 est
494 2789 613 2871 etiarn
633 2786 796 2895 praesens
816 2787 1036 2896 incorpore
1056 2788 1194 2872 virtus:

246 2955 314 3039 Est
332 2956 481 3038 animus
498 2952 590 3036 lucis
608 2971 874 3063 contemptor,
889 2953 983 3037 lucis
1001 2981 1134 3038 amore
1379 2991 1415 3055 ,ς

246 3121 430 3226 Alterius,
454 3139 546 3204 toto
562 3147 640 3229 quo
657 3115 802 3204 dudum
822 3121 983 3230 petitore
1003 3121 1137 3205 tendo.
1239 3115 1240 3118 ‘

243 3297 316 3375 Me
331 3287 408 3372 fine
425 3287 528 3370 nulia
545 3285 619 3370 tuis
638 3285 797 3370 accedat
820 3286 945 3399 gloria
962 3287 1089 3370 rebus.

243 3455 392 3540 Omnia
407 3453 611 3550 constitui;
632 3481 719 3563 quae
734 3481 797 3537 me
816 3453 865 3536 ad
878 3455 1030 3568 maiora
1048 3452 1238 3540 reservas?

242 3623 394 3707 Tecurir
415 3621 524 3725 tolle,
546 3620 695 3732 tuisque
713 3619 912 3705 volentem
929 3619 1096 3734 adjunge
1114 3621 1275 3734 periclis.

240 3789 356 3874 Talia
372 3783 586 3872 vociferans
603 3823 613 3870 z
637 3797 725 3898 quae
739 3812 833 3872 vero
847 3785 990 3871 deinde
1006 3789 1214 3902 sequuntur
1373 3827 1415 3882 ῃ

238 3965 354 4042 Mens
367 3955 513 4068 refugit
526 3955 772 4063 mansitque
787 3953 936 4038 animus
949 3953 1162 4040 meminiffe
1175 3955 1415 4070 perhorrens

236 4123 398 4232 Deficit,
424 4133 465 4211 δι
480 4121 573 4214 vieti
590 4139 750 4237 torpent
763 4119 814 4208 ad
827 4121 997 4208 carmina
1010 4117 1149 4210 sensus.

1304 4291 1412 4408 Q‘
