3168 5190
249 299 329 376 ¹94
459 277 645 354 Mnncr
684 271 1016 354 Hrrnournr
1055 277 1197 361 Vina

244 497 292 572 In
308 488 511 600 partesque
527 485 678 568 animos
695 485 818 569 uarias
835 485 1020 571 obnubisa
1035 511 1208 602 raptent,

242 659 310 744 Ne
330 683 411 740 rem
427 654 645 762 discerpens
662 653 740 736 sate
756 652 944 737 discordia
959 656 1100 740 turbet.

244 825 384 933 Aspice
399 844 444 905 ut
462 820 552 903 hinc
569 819 673 904 illinc
689 819 811 903 studia
828 819 869 902 in
884 825 1080 908 contraria
1097 827 1230 935 paffim

242 989 448 1098 Opposrtae
463 987 566 1070 inter
582 985 622 1068 se
640 986 788 1096 placitis
806 985 1043 1074 discordibus
1058 994 1171 1079 urbes
1255 1028 1257 1036 ¹
1353 1014 1412 1083 4⁶·

242 1155 484 1268 Confligant,
504 1155 569 1236 sua
586 1151 676 1235 dum
693 1151 822 1236 studiis
837 1151 998 1237 inventa
1018 1159 1117 1240 tucri

241 1318 419 1406 Adversis
435 1321 603 1406 tendunt
620 1322 717 1402 certi
734 1348 816 1402 non
831 1319 969 1403 cedere
986 1325 1151 1435 utrique,

236 1491 362 1598 Inque
376 1485 460 1574 suat
478 1505 630 1570 certent
646 1485 775 1570 hostes
789 1485 979 1570 deducere
995 1511 1124 1597 partes

240 1653 481 1737 Conversus:
509 1651 610 1762 proh
627 1673 770 1763 quanta
785 1653 921 1736 animis
939 1653 1128 1741 discordia
1144 1653 1289 1768 gliscit!

240 1821 372 1932 Qam
391 1819 512 1924 tenui,
537 1845 654 1930 quarn
673 1817 812 1928 raptim
831 1819 967 1932 ingens
984 1842 1120 1905 exorta
1139 1823 1268 1908 favilla
1350 1845 1406 1917 465

240 1987 427 2100 Undique
442 1985 582 2072 seditio
598 1987 705 2070 coelo
720 2005 837 2094 caput
855 1985 992 2070 extulit
1010 1989 1131 2074 altum
1381 2046 1392 2096 ,

238 2155 432 2261 Protinus,
455 2164 495 2237 δι
515 2173 636 2238 terras
654 2125 792 2266 regnat
808 2151 994 2237 bacchata
1012 2181 1081 2265 per
1097 2167 1253 2240 omnes!

238 2319 351 2406 Illinc
366 2350 439 2405 nos
457 2339 595 2405 contra
612 2319 707 2404 totis
725 2321 936 2404 Germania
954 2321 1083 2406 castris

239 2487 726 2596 Invehitur,.veterumquc
744 2483 858 2570 audet
873 2507 1024 2596 patrum
1043 2515 1158 2572 aurea
1173 2488 1270 2573 scita

239 2651 444 2760 Oblinere,
470 2653 674 2740 &sandias
689 2652 801 2737 dietis
818 2671 992 2736 evertere
1010 2651 1129 2766 leges,
1347 2695 1407 2750 47·

239 2823 328 2904 sive
344 2847 476 2906 errore
495 2847 601 2904 novo
617 2819 735 2928 capti,
763 2819 1007 2931 tenebrisque
1025 2818 1175 2929 sepulti,

239 2991 316 3069 Seu
331 2986 459 3095 potius
476 2986 594 3068 scelus
611 2987 681 3091 est,
707 2983 913 3095 animisque
931 2986 1149 3070 volentibus
1166 3007 1311 3070 errant.

237 3155 327 3238 Nos
344 3171 483 3236 contra
501 3150 591 3236 hinc
607 3151 773 3263 tegimus
789 3151 999 3260 priscournt
1013 3153 1112 3265 jura,
1135 3151 1284 3264 tuisque
1367 3245 1370 3250 ,

66 3403 74 3422 ,
236 3316 445 3429 Responsrs
461 3317 550 3404 freti
568 3319 673 3429 seges
689 3337 859 3402 tutamur
875 3317 1009 3423 avitas,

234 3459 548 3595 Frustraniurque
563 3483 681 3588 feros,
702 3480 894 3594 vanosque
912 3481 1097 3570 eludimus
1114 3484 1223 3572 icius·
1343 3511 1398 3580 475

235 3651 316 3736 Illis
335 3649 429 3734 affer
442 3675 574 3760 opem,
597 3669 740 3760 tuaque
756 3649 833 3733 alta
844 3647 1007 3734 ¹edissere
1024 3649 1152 3751 sensu

235 3811 322 3924 Ipse
339 3811 443 3918 ades,
464 3833 580 3925 atque
598 3815 735 3899 animis
754 3833 794 3898 te
811 3816 988 3923 protinus
1003 3814 1127 3900 insere
1145 3821 1281 3930 captis,

233 3987 296 4068 Ut
313 3980 471 4065 tandem
488 3981 626 4067 nebula
643 3979 766 4065 lucem
783 3981 968 4068 mirentur
981 3983 1131 4070 abacta.

232 4149 288 4232 At
305 4146 432 4254 nobis,
453 4147 591 4233 nostris
610 4145 853 4258 srquicquam
872 4147 1042 4232 moribus
1058 4149 1198 4257 obstat,

232 4313 273 4400 si
290 4313 425 4399 nostris
442 4313 642 4428 quicquam
661 4311 836 4400 infinceri
855 4314 1046 4402 mentibus
1058 4315 1187 4430 habt,
1339 4324 1402 4514 ἐξ·

1368 4449 1404 4515 it
