<?xml version="1.0" encoding="UTF-8"?>
<!DOCTYPE html PUBLIC "-//W3C//DTD XHTML 1.0 Transitional//EN"
    "http://www.w3.org/TR/xhtml1/DTD/xhtml1-transitional.dtd">
<html xmlns="http://www.w3.org/1999/xhtml" xml:lang="en" lang="en">
 <head>
  <title>
</title>
<meta http-equiv="Content-Type" content="text/html;charset=utf-8" />
  <meta name='ocr-system' content='tesseract 3.04.00' />
  <meta name='ocr-capabilities' content='ocr_page ocr_carea ocr_par ocr_line ocrx_word'/>
</head>
<body>
  <div class='ocr_page' id='page_1' title='image "./marcihieronymiv00vidagoog_0103.png"; bbox 0 0 3160 5198; ppageno 0'>
   <div class='ocr_carea' id='block_1_1' title="bbox 251 281 1203 404">
    <p class='ocr_par' dir='ltr' id='par_1_1' title="bbox 251 281 1203 404">
     <span class='ocr_line' id='line_1_1' title="bbox 251 281 1203 404; baseline -0.007 -31"><span class='ocrx_word' id='word_1_1' title='bbox 251 313 307 404; x_wconf 69' lang='lat'>24</span> <span class='ocrx_word' id='word_1_2' title='bbox 468 289 654 370; x_wconf 64' lang='lat' dir='ltr'>Manet</span> <span class='ocrx_word' id='word_1_3' title='bbox 692 282 1019 366; x_wconf 78' lang='lat' dir='ltr'>Httnouum</span> <span class='ocrx_word' id='word_1_4' title='bbox 1057 281 1203 368; x_wconf 72' lang='lat' dir='ltr'>Vina</span> 
     </span>
    </p>
   </div>
   <div class='ocr_carea' id='block_1_2' title="bbox 140 493 1452 4136">
    <p class='ocr_par' dir='ltr' id='par_1_2' title="bbox 140 493 1442 2628">
     <span class='ocr_line' id='line_1_2' title="bbox 251 493 1235 613; baseline -0.002 -25"><span class='ocrx_word' id='word_1_5' title='bbox 251 497 413 588; x_wconf 77' lang='lat' dir='ltr'>Credite</span> <span class='ocrx_word' id='word_1_6' title='bbox 427 499 624 604; x_wconf 76' lang='lat' dir='ltr'>mortales,</span> <span class='ocrx_word' id='word_1_7' title='bbox 649 496 801 584; x_wconf 77' lang='lat' dir='ltr'>animun</span> <span class='ocrx_word' id='word_1_8' title='bbox 815 493 999 582; x_wconf 76' lang='lat' dir='ltr'>adhibete</span> <span class='ocrx_word' id='word_1_9' title='bbox 1016 495 1235 613; x_wconf 76' lang='lat' dir='ltr'>fidemque;</span> 
     </span>
     <span class='ocr_line' id='line_1_3' title="bbox 251 663 1436 782; baseline -0.007 -26"><span class='ocrx_word' id='word_1_10' title='bbox 251 667 443 762; x_wconf 78' lang='lat' dir='ltr'>Montnies</span> <span class='ocrx_word' id='word_1_11' title='bbox 458 693 581 782; x_wconf 81' lang='lat' dir='ltr'>genus</span> <span class='ocrx_word' id='word_1_12' title='bbox 595 665 789 752; x_wconf 86' lang='lat' dir='ltr'>infirmum</span> <span class='ocrx_word' id='word_1_13' title='bbox 806 663 991 754; x_wconf 87' lang='lat' dir='ltr'>confidite</span> <span class='ocrx_word' id='word_1_14' title='bbox 1004 664 1129 750; x_wconf 72' lang='lat' dir='ltr'>dinis.</span> <span class='ocrx_word' id='word_1_15' title='bbox 1185 731 1188 739; x_wconf 89' lang='lat'>.</span> <span class='ocrx_word' id='word_1_16' title='bbox 1361 699 1436 760; x_wconf 66' lang='lat' dir='ltr'>nos</span> 
     </span>
     <span class='ocr_line' id='line_1_4' title="bbox 254 830 1184 950; baseline -0.006 -26"><span class='ocrx_word' id='word_1_17' title='bbox 254 837 371 947; x_wconf 80' lang='lat' dir='ltr'>Illius,</span> <span class='ocrx_word' id='word_1_18' title='bbox 394 837 463 950; x_wconf 91' lang='lat' dir='ltr'>qui</span> <span class='ocrx_word' id='word_1_19' title='bbox 479 861 553 922; x_wconf 86' lang='lat' dir='ltr'>nec</span> <span class='ocrx_word' id='word_1_20' title='bbox 569 834 682 942; x_wconf 78' lang='lat' dir='ltr'>sulit,</span> <span class='ocrx_word' id='word_1_21' title='bbox 699 861 828 948; x_wconf 87' lang='lat' dir='ltr'>neque</span> <span class='ocrx_word' id='word_1_22' title='bbox 844 830 988 922; x_wconf 78' lang='lat' dir='ltr'>fallitur</span> <span class='ocrx_word' id='word_1_23' title='bbox 1002 859 1184 944; x_wconf 75' lang='lat' dir='ltr'>unquam.</span> 
     </span>
     <span class='ocr_line' id='line_1_5' title="bbox 256 997 1228 1120; baseline 0 -30"><span class='ocrx_word' id='word_1_24' title='bbox 256 1001 589 1120; x_wconf 83' lang='lat' dir='ltr'>Qandoquidem</span> <span class='ocrx_word' id='word_1_25' title='bbox 606 1002 704 1104; x_wconf 80' lang='lat' dir='ltr'>nihil</span> <span class='ocrx_word' id='word_1_26' title='bbox 717 1023 888 1102; x_wconf 73' lang='lat' dir='ltr'>externae</span> <span class='ocrx_word' id='word_1_27' title='bbox 903 999 1104 1092; x_wconf 76' lang='lat' dir='ltr'>tiutiffimn</span> <span class='ocrx_word' id='word_1_28' title='bbox 1118 997 1228 1110; x_wconf 62' lang='lat' dir='ltr'>ditia</span> 
     </span>
     <span class='ocr_line' id='line_1_6' title="bbox 140 1167 1252 1286; baseline -0.009 -22"><span class='ocrx_word' id='word_1_29' title='bbox 140 1185 150 1206; x_wconf 73' lang='lat'>⁸</span> <span class='ocrx_word' id='word_1_30' title='bbox 258 1173 373 1264; x_wconf 75' lang='lat' dir='ltr'>lucis</span> <span class='ocrx_word' id='word_1_31' title='bbox 387 1189 521 1286; x_wconf 83' lang='lat' dir='ltr'>egent,</span> <span class='ocrx_word' id='word_1_32' title='bbox 543 1199 617 1284; x_wconf 84' lang='lat' dir='ltr'>per</span> <span class='ocrx_word' id='word_1_33' title='bbox 629 1171 745 1285; x_wconf 85' lang='lat' dir='ltr'>seque</span> <span class='ocrx_word' id='word_1_34' title='bbox 761 1169 829 1256; x_wconf 91' lang='lat' dir='ltr'>suu</span> <span class='ocrx_word' id='word_1_35' title='bbox 844 1167 886 1255; x_wconf 89' lang='lat' dir='ltr'>se</span> <span class='ocrx_word' id='word_1_36' title='bbox 903 1171 1047 1256; x_wconf 85' lang='lat' dir='ltr'>lumine</span> <span class='ocrx_word' id='word_1_37' title='bbox 1065 1168 1252 1281; x_wconf 82' lang='lat' dir='ltr'>produnt.</span> 
     </span>
     <span class='ocr_line' id='line_1_7' title="bbox 262 1297 1175 1448; baseline -0.007 -20"><span class='ocrx_word' id='word_1_38' title='bbox 262 1343 370 1428; x_wconf 82' lang='lat' dir='ltr'>Ante</span> <span class='ocrx_word' id='word_1_39' title='bbox 385 1365 492 1426; x_wconf 81' lang='lat' dir='ltr'>mare</span> <span class='ocrx_word' id='word_1_40' title='bbox 510 1339 697 1448; x_wconf 67' lang='lat' dir='ltr'>entellus,</span> <span class='ocrx_word' id='word_1_41' title='bbox 717 1349 760 1426; x_wconf 77' lang='lat' dir='ltr'>tt</span> <span class='ocrx_word' id='word_1_42' title='bbox 774 1337 870 1424; x_wconf 85' lang='lat' dir='ltr'>coeli</span> <span class='ocrx_word' id='word_1_43' title='bbox 886 1338 1067 1426; x_wconf 85' lang='lat' dir='ltr'>concidat</span> <span class='ocrx_word' id='word_1_44' title='bbox 1080 1297 1175 1444; x_wconf 69' lang='lat' dir='ltr'>anie,</span> 
     </span>
     <span class='ocr_line' id='line_1_8' title="bbox 261 1504 1437 1621; baseline -0.005 -27"><span class='ocrx_word' id='word_1_45' title='bbox 261 1507 368 1594; x_wconf 79' lang='lat' dir='ltr'>Illius</span> <span class='ocrx_word' id='word_1_46' title='bbox 381 1535 499 1621; x_wconf 82' lang='lat' dir='ltr'>quam</span> <span class='ocrx_word' id='word_1_47' title='bbox 516 1509 614 1596; x_wconf 77' lang='lat' dir='ltr'>ensa</span> <span class='ocrx_word' id='word_1_48' title='bbox 631 1506 709 1594; x_wconf 85' lang='lat' dir='ltr'>fide</span> <span class='ocrx_word' id='word_1_49' title='bbox 723 1507 799 1594; x_wconf 75' lang='lat' dir='ltr'>sint</span> <span class='ocrx_word' id='word_1_50' title='bbox 813 1533 929 1592; x_wconf 82' lang='lat' dir='ltr'>aurea</span> <span class='ocrx_word' id='word_1_51' title='bbox 943 1504 1063 1612; x_wconf 69' lang='lat' dir='ltr'>dista,</span> <span class='ocrx_word' id='word_1_52' title='bbox 1379 1530 1437 1588; x_wconf 81' lang='lat' dir='ltr'>n·</span> 
     </span>
     <span class='ocr_line' id='line_1_9' title="bbox 263 1669 1218 1790; baseline -0.004 -30"><span class='ocrx_word' id='word_1_53' title='bbox 263 1675 461 1790; x_wconf 74' lang='lat' dir='ltr'>Sanguine</span> <span class='ocrx_word' id='word_1_54' title='bbox 479 1701 567 1789; x_wconf 80' lang='lat' dir='ltr'>quae</span> <span class='ocrx_word' id='word_1_55' title='bbox 582 1677 753 1764; x_wconf 87' lang='lat' dir='ltr'>moriens</span> <span class='ocrx_word' id='word_1_56' title='bbox 767 1675 881 1761; x_wconf 85' lang='lat' dir='ltr'>nubis</span> <span class='ocrx_word' id='word_1_57' title='bbox 897 1674 1035 1760; x_wconf 79' lang='lat' dir='ltr'>testata</span> <span class='ocrx_word' id='word_1_58' title='bbox 1048 1669 1218 1784; x_wconf 75' lang='lat' dir='ltr'>reliquit</span> 
     </span>
     <span class='ocr_line' id='line_1_10' title="bbox 264 1831 1359 1952; baseline -0.007 -24"><span class='ocrx_word' id='word_1_59' title='bbox 264 1843 365 1928; x_wconf 90' lang='lat' dir='ltr'>Non</span> <span class='ocrx_word' id='word_1_60' title='bbox 384 1859 516 1928; x_wconf 78' lang='lat' dir='ltr'>tumen</span> <span class='ocrx_word' id='word_1_61' title='bbox 533 1843 585 1930; x_wconf 85' lang='lat' dir='ltr'>ad</span> <span class='ocrx_word' id='word_1_62' title='bbox 601 1845 748 1930; x_wconf 84' lang='lat' dir='ltr'>nostras</span> <span class='ocrx_word' id='word_1_63' title='bbox 764 1842 866 1928; x_wconf 81' lang='lat' dir='ltr'>acies</span> <span class='ocrx_word' id='word_1_64' title='bbox 879 1842 1001 1948; x_wconf 82' lang='lat' dir='ltr'>venit,</span> <span class='ocrx_word' id='word_1_65' title='bbox 1024 1840 1173 1952; x_wconf 81' lang='lat' dir='ltr'>hacque</span> <span class='ocrx_word' id='word_1_66' title='bbox 1187 1831 1359 1952; x_wconf 76' lang='lat' dir='ltr'><strong>nigranti</strong></span> 
     </span>
     <span class='ocr_line' id='line_1_11' title="bbox 266 2001 1302 2123; baseline -0.001 -33"><span class='ocrx_word' id='word_1_67' title='bbox 266 2007 394 2118; x_wconf 59' lang='lat' dir='ltr'>stipat</span> <span class='ocrx_word' id='word_1_68' title='bbox 409 2007 448 2092; x_wconf 91' lang='lat' dir='ltr'>se</span> <span class='ocrx_word' id='word_1_69' title='bbox 466 2005 584 2096; x_wconf 84' lang='lat' dir='ltr'>veluti</span> <span class='ocrx_word' id='word_1_70' title='bbox 602 2011 756 2118; x_wconf 76' lang='lat' dir='ltr'>nebula,</span> <span class='ocrx_word' id='word_1_71' title='bbox 781 2029 900 2123; x_wconf 81' lang='lat' dir='ltr'>atque</span> <span class='ocrx_word' id='word_1_72' title='bbox 919 2008 1123 2096; x_wconf 85' lang='lat' dir='ltr'>obducitur</span> <span class='ocrx_word' id='word_1_73' title='bbox 1142 2001 1302 2109; x_wconf 78' lang='lat' dir='ltr'>umbris,</span> 
     </span>
     <span class='ocr_line' id='line_1_12' title="bbox 267 2173 1210 2298; baseline 0.007 -41"><span class='ocrx_word' id='word_1_74' title='bbox 267 2175 430 2298; x_wconf 73' lang='lat' dir='ltr'>Qanta</span> <span class='ocrx_word' id='word_1_75' title='bbox 447 2173 494 2262; x_wconf 83' lang='lat' dir='ltr'>fit</span> <span class='ocrx_word' id='word_1_76' title='bbox 511 2196 556 2263; x_wconf 91' lang='lat' dir='ltr'>ut</span> <span class='ocrx_word' id='word_1_77' title='bbox 569 2178 709 2264; x_wconf 79' lang='lat' dir='ltr'>nostrae</span> <span class='ocrx_word' id='word_1_78' title='bbox 722 2176 815 2262; x_wconf 89' lang='lat' dir='ltr'>fidei</span> <span class='ocrx_word' id='word_1_79' title='bbox 829 2177 1070 2292; x_wconf 85' lang='lat' dir='ltr'>indulgentia</span> <span class='ocrx_word' id='word_1_80' title='bbox 1082 2174 1210 2264; x_wconf 67' lang='lat' dir='ltr'>tudun</span> 
     </span>
     <span class='ocr_line' id='line_1_13' title="bbox 269 2339 1436 2461; baseline 0.003 -35"><span class='ocrx_word' id='word_1_81' title='bbox 269 2339 473 2453; x_wconf 83' lang='lat' dir='ltr'>Exploret,</span> <span class='ocrx_word' id='word_1_82' title='bbox 493 2373 576 2431; x_wconf 91' lang='lat' dir='ltr'>non</span> <span class='ocrx_word' id='word_1_83' title='bbox 591 2346 670 2434; x_wconf 84' lang='lat' dir='ltr'>visa</span> <span class='ocrx_word' id='word_1_84' title='bbox 682 2347 821 2461; x_wconf 86' lang='lat' dir='ltr'>jubens</span> <span class='ocrx_word' id='word_1_85' title='bbox 835 2371 908 2430; x_wconf 82' lang='lat' dir='ltr'>nos</span> <span class='ocrx_word' id='word_1_86' title='bbox 924 2343 1097 2448; x_wconf 77' lang='lat' dir='ltr'>credere,</span> <span class='ocrx_word' id='word_1_87' title='bbox 1119 2365 1193 2428; x_wconf 88' lang='lat' dir='ltr'>ceu</span> <span class='ocrx_word' id='word_1_88' title='bbox 1207 2363 1293 2451; x_wconf 77' lang='lat' dir='ltr'>que</span> <span class='ocrx_word' id='word_1_89' title='bbox 1383 2367 1436 2432; x_wconf 76' lang='lat' dir='ltr'>ui</span> 
     </span>
     <span class='ocr_line' id='line_1_14' title="bbox 270 2506 1442 2628; baseline -0.005 -32"><span class='ocrx_word' id='word_1_90' title='bbox 270 2513 376 2596; x_wconf 85' lang='lat' dir='ltr'>Luce</span> <span class='ocrx_word' id='word_1_91' title='bbox 393 2511 522 2624; x_wconf 79' lang='lat' dir='ltr'>palam</span> <span class='ocrx_word' id='word_1_92' title='bbox 541 2513 628 2604; x_wconf 89' lang='lat' dir='ltr'>sunt</span> <span class='ocrx_word' id='word_1_93' title='bbox 645 2516 760 2628; x_wconf 88' lang='lat' dir='ltr'>usque</span> <span class='ocrx_word' id='word_1_94' title='bbox 777 2511 896 2600; x_wconf 83' lang='lat' dir='ltr'>neniis</span> <span class='ocrx_word' id='word_1_95' title='bbox 909 2511 1081 2602; x_wconf 75' lang='lat' dir='ltr'>obnoxia</span> <span class='ocrx_word' id='word_1_96' title='bbox 1098 2506 1266 2594; x_wconf 67' lang='lat' dir='ltr'>nostrin</span> <span class='ocrx_word' id='word_1_97' title='bbox 1439 2557 1442 2564; x_wconf 87' lang='lat'><strong>·</strong></span> 
     </span>
    </p>

    <p class='ocr_par' dir='ltr' id='par_1_3' title="bbox 274 2668 1452 3629">
     <span class='ocr_line' id='line_1_15' title="bbox 342 2668 1441 2788; baseline -0.007 -24"><span class='ocrx_word' id='word_1_98' title='bbox 342 2679 442 2764; x_wconf 88' lang='lat' dir='ltr'>Cum</span> <span class='ocrx_word' id='word_1_99' title='bbox 463 2701 578 2776; x_wconf 85' lang='lat' dir='ltr'>tenet</span> <span class='ocrx_word' id='word_1_100' title='bbox 591 2685 699 2774; x_wconf 82' lang='lat' dir='ltr'>orbis</span> <span class='ocrx_word' id='word_1_101' title='bbox 714 2683 840 2769; x_wconf 83' lang='lat' dir='ltr'>adhuc</span> <span class='ocrx_word' id='word_1_102' title='bbox 857 2680 977 2784; x_wconf 88' lang='lat' dir='ltr'>foret,</span> <span class='ocrx_word' id='word_1_103' title='bbox 1004 2707 1050 2764; x_wconf 85' lang='lat' dir='ltr'>ac</span> <span class='ocrx_word' id='word_1_104' title='bbox 1067 2673 1299 2788; x_wconf 82' lang='lat' dir='ltr'>pubentibus</span> <span class='ocrx_word' id='word_1_105' title='bbox 1317 2668 1441 2773; x_wconf 72' lang='lat' dir='ltr'>anuis,</span> 
     </span>
     <span class='ocr_line' id='line_1_16' title="bbox 274 2843 1251 2970; baseline -0.003 -41"><span class='ocrx_word' id='word_1_106' title='bbox 274 2847 365 2970; x_wconf 78' lang='lat' dir='ltr'>=Jnm</span> <span class='ocrx_word' id='word_1_107' title='bbox 379 2866 463 2942; x_wconf 85' lang='lat' dir='ltr'>tum</span> <span class='ocrx_word' id='word_1_108' title='bbox 477 2851 629 2964; x_wconf 76' lang='lat' dir='ltr'>relligio</span> <span class='ocrx_word' id='word_1_109' title='bbox 645 2851 727 2936; x_wconf 72' lang='lat' dir='ltr'>hnc</span> <span class='ocrx_word' id='word_1_110' title='bbox 743 2871 878 2960; x_wconf 67' lang='lat' dir='ltr'>atavos</span> <span class='ocrx_word' id='word_1_111' title='bbox 896 2845 1045 2932; x_wconf 86' lang='lat' dir='ltr'>inceffit</span> <span class='ocrx_word' id='word_1_112' title='bbox 1063 2843 1251 2960; x_wconf 73' lang='lat' dir='ltr'>agrestest</span> 
     </span>
     <span class='ocr_line' id='line_1_17' title="bbox 274 3007 1311 3131; baseline 0.007 -37"><span class='ocrx_word' id='word_1_113' title='bbox 274 3013 364 3125; x_wconf 83' lang='lat' dir='ltr'>Jam</span> <span class='ocrx_word' id='word_1_114' title='bbox 381 3031 463 3096; x_wconf 86' lang='lat' dir='ltr'>tum</span> <span class='ocrx_word' id='word_1_115' title='bbox 483 3015 618 3129; x_wconf 78' lang='lat' dir='ltr'>aliquis</span> <span class='ocrx_word' id='word_1_116' title='bbox 637 3019 753 3130; x_wconf 86' lang='lat' dir='ltr'>longe</span> <span class='ocrx_word' id='word_1_117' title='bbox 772 3016 942 3131; x_wconf 79' lang='lat' dir='ltr'>praesnga</span> <span class='ocrx_word' id='word_1_118' title='bbox 959 3033 1092 3112; x_wconf 81' lang='lat' dir='ltr'>mente</span> <span class='ocrx_word' id='word_1_119' title='bbox 1107 3007 1311 3102; x_wconf 74' lang='lat' dir='ltr'>recludens.</span> 
     </span>
     <span class='ocr_line' id='line_1_18' title="bbox 276 3133 1452 3299; baseline 0.003 -41"><span class='ocrx_word' id='word_1_120' title='bbox 276 3179 393 3259; x_wconf 83' lang='lat' dir='ltr'><strong>Sacra</strong></span> <span class='ocrx_word' id='word_1_121' title='bbox 406 3178 572 3266; x_wconf 83' lang='lat' dir='ltr'>abstmsa</span> <span class='ocrx_word' id='word_1_122' title='bbox 585 3183 720 3296; x_wconf 83' lang='lat' dir='ltr'>rudem</span> <span class='ocrx_word' id='word_1_123' title='bbox 737 3185 925 3299; x_wconf 88' lang='lat' dir='ltr'>congesto</span> <span class='ocrx_word' id='word_1_124' title='bbox 940 3133 1084 3296; x_wconf 72' lang='lat' dir='ltr'>cespite</span> <span class='ocrx_word' id='word_1_125' title='bbox 1103 3181 1145 3266; x_wconf 90' lang='lat' dir='ltr'>in</span> <span class='ocrx_word' id='word_1_126' title='bbox 1160 3201 1267 3264; x_wconf 78' lang='lat' dir='ltr'>tram</span> <span class='ocrx_word' id='word_1_127' title='bbox 1391 3199 1452 3252; x_wconf 69' lang='lat' dir='ltr'>ne</span> 
     </span>
     <span class='ocr_line' id='line_1_19' title="bbox 278 3343 1118 3464; baseline 0.008 -36"><span class='ocrx_word' id='word_1_128' title='bbox 278 3343 474 3431; x_wconf 86' lang='lat' dir='ltr'>Triticeos</span> <span class='ocrx_word' id='word_1_129' title='bbox 492 3349 607 3436; x_wconf 83' lang='lat' dir='ltr'>orbes</span> <span class='ocrx_word' id='word_1_130' title='bbox 629 3363 669 3448; x_wconf 68' lang='grc' dir='ltr'>δι</span> <span class='ocrx_word' id='word_1_131' title='bbox 688 3351 831 3464; x_wconf 82' lang='lat' dir='ltr'>liquida</span> <span class='ocrx_word' id='word_1_132' title='bbox 847 3352 937 3436; x_wconf 81' lang='lat' dir='ltr'>vina</span> <span class='ocrx_word' id='word_1_133' title='bbox 952 3345 1118 3456; x_wconf 80' lang='lat' dir='ltr'>ferebat,</span> 
     </span>
     <span class='ocr_line' id='line_1_20' title="bbox 279 3512 1217 3629; baseline 0.001 -33"><span class='ocrx_word' id='word_1_134' title='bbox 279 3512 523 3629; x_wconf 79' lang='lat' dir='ltr'>Plurimaque</span> <span class='ocrx_word' id='word_1_135' title='bbox 544 3521 683 3606; x_wconf 84' lang='lat' dir='ltr'>orabat</span> <span class='ocrx_word' id='word_1_136' title='bbox 698 3520 790 3612; x_wconf 88' lang='lat' dir='ltr'>coeli</span> <span class='ocrx_word' id='word_1_137' title='bbox 806 3518 1009 3606; x_wconf 83' lang='lat' dir='ltr'>conversus</span> <span class='ocrx_word' id='word_1_138' title='bbox 1024 3517 1075 3602; x_wconf 80' lang='lat' dir='ltr'>nd</span> <span class='ocrx_word' id='word_1_139' title='bbox 1093 3541 1217 3602; x_wconf 79' lang='lat' dir='ltr'>axem.</span> 
     </span>
    </p>

    <p class='ocr_par' dir='ltr' id='par_1_4' title="bbox 281 3672 1449 4136">
     <span class='ocr_line' id='line_1_21' title="bbox 349 3672 1405 3802; baseline -0.009 -34"><span class='ocrx_word' id='word_1_140' title='bbox 349 3681 452 3797; x_wconf 81' lang='lat' dir='ltr'>Qae</span> <span class='ocrx_word' id='word_1_141' title='bbox 469 3685 552 3776; x_wconf 84' lang='lat' dir='ltr'>fieri</span> <span class='ocrx_word' id='word_1_142' title='bbox 570 3687 737 3774; x_wconf 84' lang='lat' dir='ltr'>humana</span> <span class='ocrx_word' id='word_1_143' title='bbox 753 3707 948 3802; x_wconf 87' lang='lat' dir='ltr'>nequeunt</span> <span class='ocrx_word' id='word_1_144' title='bbox 962 3713 1053 3796; x_wconf 84' lang='lat' dir='ltr'>ope,</span> <span class='ocrx_word' id='word_1_145' title='bbox 1073 3683 1213 3770; x_wconf 64' lang='lat' dir='ltr'>cundia</span> <span class='ocrx_word' id='word_1_146' title='bbox 1228 3679 1322 3764; x_wconf 90' lang='lat' dir='ltr'>Deo</span> <span class='ocrx_word' id='word_1_147' title='bbox 1336 3672 1405 3788; x_wconf 81' lang='lat' dir='ltr'>uni</span> 
     </span>
     <span class='ocr_line' id='line_1_22' title="bbox 281 3843 1364 3968; baseline -0.006 -36"><span class='ocrx_word' id='word_1_148' title='bbox 281 3847 415 3934; x_wconf 82' lang='lat' dir='ltr'>Pervia</span> <span class='ocrx_word' id='word_1_149' title='bbox 433 3852 536 3966; x_wconf 88' lang='lat' dir='ltr'>sunt,</span> <span class='ocrx_word' id='word_1_150' title='bbox 555 3869 596 3942; x_wconf 88' lang='lat'>&amp;</span> <span class='ocrx_word' id='word_1_151' title='bbox 614 3857 727 3968; x_wconf 77' lang='lat' dir='ltr'>plana</span> <span class='ocrx_word' id='word_1_152' title='bbox 737 3901 750 3956; x_wconf 70' lang='grc' dir='ltr'><strong>ς</strong></span> <span class='ocrx_word' id='word_1_153' title='bbox 776 3855 905 3967; x_wconf 87' lang='lat' dir='ltr'>potest</span> <span class='ocrx_word' id='word_1_154' title='bbox 920 3856 1028 3940; x_wconf 80' lang='lat' dir='ltr'>Deus</span> <span class='ocrx_word' id='word_1_155' title='bbox 1047 3849 1179 3938; x_wconf 83' lang='lat' dir='ltr'>omnia</span> <span class='ocrx_word' id='word_1_156' title='bbox 1192 3843 1364 3963; x_wconf 78' lang='lat' dir='ltr'>quando.</span> 
     </span>
     <span class='ocr_line' id='line_1_23' title="bbox 284 4013 1449 4136; baseline -0.003 -31"><span class='ocrx_word' id='word_1_157' title='bbox 284 4013 356 4100; x_wconf 84' lang='lat' dir='ltr'>lile</span> <span class='ocrx_word' id='word_1_158' title='bbox 373 4020 478 4129; x_wconf 84' lang='lat' dir='ltr'>potis</span> <span class='ocrx_word' id='word_1_159' title='bbox 493 4023 633 4110; x_wconf 82' lang='lat' dir='ltr'>mediis</span> <span class='ocrx_word' id='word_1_160' title='bbox 648 4051 789 4136; x_wconf 85' lang='lat' dir='ltr'>pueros</span> <span class='ocrx_word' id='word_1_161' title='bbox 807 4017 1152 4110; x_wconf 79' lang='lat' dir='ltr'>educereflnmmis</span> <span class='ocrx_word' id='word_1_162' title='bbox 1358 4041 1449 4101; x_wconf 59' lang='lat' dir='ltr'>uu</span> 
     </span>
    </p>
   </div>
   <div class='ocr_carea' id='block_1_3' title="bbox 286 4179 1454 4434">
    <p class='ocr_par' dir='ltr' id='par_1_5' title="bbox 286 4179 1454 4434">
     <span class='ocr_line' id='line_1_24' title="bbox 286 4179 1159 4308; baseline -0.033 -15"><span class='ocrx_word' id='word_1_163' title='bbox 286 4179 443 4300; x_wconf 62' lang='lat' dir='ltr'>lllaesffl,</span> <span class='ocrx_word' id='word_1_164' title='bbox 468 4209 643 4308; x_wconf 86' lang='lat' dir='ltr'>nutuque</span> <span class='ocrx_word' id='word_1_165' title='bbox 658 4193 791 4307; x_wconf 83' lang='lat' dir='ltr'>ignem</span> <span class='ocrx_word' id='word_1_166' title='bbox 809 4189 933 4308; x_wconf 85' lang='lat' dir='ltr'>sopite</span> <span class='ocrx_word' id='word_1_167' title='bbox 951 4185 1159 4288; x_wconf 74' lang='lat' dir='ltr'>fiirentetn.</span> 
     </span>
     <span class='ocr_line' id='line_1_25' title="bbox 1380 4339 1454 4434; baseline -0.162 1"><span class='ocrx_word' id='word_1_168' title='bbox 1380 4339 1454 4434; x_wconf 75' lang='lat' dir='ltr'>tite</span> 
     </span>
    </p>
   </div>
   <div class='ocr_carea' id='block_1_4' title="bbox 0 0 1632 5198">
    <p class='ocr_par' dir='ltr' id='par_1_6' title="bbox 0 0 1632 5198">
     <span class='ocr_line' id='line_1_26' title="bbox 0 0 1632 5198; baseline 0 0"><span class='ocrx_word' id='word_1_169' title='bbox 0 0 1632 5198; x_wconf 95' lang='lat' dir='ltr'> </span> 
     </span>
    </p>
   </div>
  </div>
 </body>
</html>
