3180 5184
273 295 325 383 qt
481 285 669 370 Mutet
708 283 1042 372 Humum
1082 289 1227 376 Vina

271 503 327 588 Et
344 497 455 584 laetos
468 497 651 586 membris
667 495 771 582 haud
785 497 852 582 ulli
869 501 969 587 visus
985 499 1172 588 honores.

272 625 516 753 Olintetium
530 665 851 780 apparensoculie
864 667 1090 758 mortalibus
1106 673 1176 759 olli

272 835 380 922 Luce
396 837 538 947 palam,
557 834 779 949 meisque
796 831 1015 922 videntibus
1030 837 1197 952 affidfilii

273 1004 458 1114 Praepetis
474 1002 516 1088 in
533 1000 672 1087 faciem
688 1001 890 1111 collectus,
915 1013 958 1090 tc
975 1003 1064 1090 elba
1078 1005 1266 1094 columbe
1391 1045 1450 1107 ³35

276 1169 532 1288 Omgerene,
559 1167 721 1256 mitade
736 1169 843 1258 coelo
860 1195 959 1256 voce
974 1169 1118 1258 secuta.
1380 1147 1383 1152 ¹

343 1337 433 1422 Post
449 1338 589 1422 iterum
608 1357 652 1424 te
665 1337 850 1426 mortales
870 1337 1095 1424 mortalibus
1114 1341 1209 1455 aegri

277 1503 528 1616 Conspexere
543 1506 668 1592 oculis
685 1505 888 1591 manifesto
905 1507 1065 1592 numine
1087 1504 1195 1614 fetri,

279 1671 379 1758 Cum
396 1673 522 1760 sonitu
536 1673 644 1762 coelo
659 1673 832 1786 illapsum
849 1672 920 1757 sub
935 1671 1105 1790 imagine
1120 1675 1287 1762 flammae

277 1839 493 1948 Multifido
514 1842 653 1958 linguis
667 1844 786 1930 veluti
802 1841 1043 1928 vibrantibus
1059 1843 1197 1948 aureis,
1394 1875 1454 1938 3⁴·

279 2007 549 2123 Tertificisque
566 2009 695 2096 locum
713 2009 875 2122 implesti
891 2005 1158 2119 splendoribus
1176 2033 1351 2094 omnem.

279 2175 397 2262 Filius
414 2178 664 2288 omnipotens
680 2179 799 2286 patris
818 2175 1102 2287 omnipotentis
1116 2193 1160 2260 ut
1175 2175 1270 2260 olim

280 2343 478 2430 Pollicitus
493 2343 581 2430 fore
600 2342 763 2429 fiderent
777 2341 969 2430 rediturus
984 2343 1036 2427 ad
1053 2368 1173 2452 arces,

280 2516 344 2596 Ut
360 2513 490 2624 prose
507 2515 548 2598 in
565 2515 677 2598 terris
695 2505 760 2597 sua
780 2510 962 2622 deinceps
977 2535 1139 2596 munera
1150 2510 1292 2616 obires,

282 2681 371 2766 Nec
387 2709 461 2765 nos
477 2681 518 2766 in
535 2681 705 2766 tenebris
722 2680 825 2765 volvi
843 2700 1021 2788 paterere
1037 2677 1205 2762 relilios.
1399 2707 1453 2770 3⁴5

283 2846 462 2932 Protinus
478 2858 586 2932 ecce!
611 2847 683 2930 viri
702 2845 876 2930 calefacti
895 2829 1062 2936 numinis
1077 2846 1181 2957 igne,

283 3012 367 3122 Qi
383 3013 504 3098 modo
521 3031 649 3095 morte
666 3009 772 3096 ducis
791 3011 972 3123 prostrati
989 3011 1128 3098 cundia
1145 3007 1338 3094 timebant

283 3183 332 3258 ln
350 3176 521 3279 latebris,
549 3204 649 3262 nunc
664 3176 846 3288 intrepidi
866 3177 964 3262 mira
978 3203 1048 3260 ore
1063 3177 1288 3288 loquuntur,

283 3341 388 3426 Mira
402 3343 561 3428 sonant:
588 3345 709 3428 variae
726 3343 880 3458 linguis,
901 3347 1098 3458 longeque
1117 3360 1288 3427 remotas

283 3515 394 3593 Inter
412 3509 452 3596 se
466 3531 606 3626 gentes
623 3512 823 3598 innitantur
841 3537 999 3595 munere
1015 3513 1136 3618 vocis,
1399 3539 1460 3602 350

283 3680 383 3761 Uno
401 3677 617 3792 eodemque
635 3681 732 3764 sono
750 3675 905 3766 diverso
920 3703 1032 3762 more
1052 3676 1184 3764 locuti.

284 3842 514 3956 Agnoscunt
530 3845 665 3958 populi
680 3847 815 3958 patriae
828 3847 1062 3933 commercia
1079 3845 1237 3956 lingue,

287 4012 508 4127 Verbaque,
519 4012 677 4126 quisque
689 4011 779 4120 suae,
789 4033 908 4126 atque
922 4011 1059 4099 endem
1073 4007 1293 4096 discrimina
1307 4031 1458 4096 vocum.

287 4177 447 4294 Qque
463 4181 584 4302 modo
599 4180 784 4269 indociles
801 4183 923 4271 vitam
938 4179 1085 4293 piscosa
1099 4173 1309 4265 secundum

1371 4339 1462 4429 Flu·
