3160 5198
3 497 5 540 l

3 587 5 622 l

3 629 5 692 l

366 233 548 326 Huuu't
586 259 646 319 ou
685 237 855 352 Ruuus
880 239 1124 332 Dtvrnrs.
1251 275 1324 350 ¹23

153 457 318 562 Delios,
337 470 377 546 &
393 457 508 544 seffos
527 479 631 568 aegre
645 453 847 540 collaberis
861 427 978 542 a'rtus.

155 625 273 738 Qos
288 625 478 737 gemitus?
503 649 599 734 quas
615 620 756 705 deinde
772 623 921 705 trabem
936 624 1138 734 complexa
1152 627 1328 740 querelas

154 795 244 874 Ore
262 790 407 876 dabas?
432 819 515 876 non
532 789 615 874 haec
633 787 727 871 olim
746 789 817 871 tibi
835 789 974 902 gaudia
990 793 1111 900 coelo,

156 959 255 1040 Non
272 959 453 1068 promill'a
471 956 544 1041 tibi
559 955 641 1040 haec
657 954 791 1041 divino
805 957 970 1067 pignore
989 957 1106 1043 dona.
1272 994 1330 1038 220

158 1124 221 1206 Sic
237 1123 397 1208 nuribus
417 1144 457 1208 te
472 1123 626 1208 felicem
643 1124 766 1236 magis
780 1123 959 1208 omnibus
977 1133 1118 1210 unam?

54 1389 62 1402 ,
159 1287 222 1372 Sic
238 1311 400 1374 ventura
416 1309 503 1376 tuos
520 1287 662 1374 llorere
675 1292 717 1374 in
737 1289 858 1376 secula
875 1291 1070 1377 honores?

159 1455 306 1542 Felices
322 1456 406 1540 illas
425 1455 715 1567 fortunatosque
733 1456 910 1565 vocabas,

157 1625 326 1734 Pignora
341 1650 430 1709 cara
445 1624 583 1736 quibus
601 1623 696 1706 flere
714 1623 796 1734 ipso
811 1623 852 1707 in
867 1622 1001 1708 limine
1019 1625 1110 1710 vitae

157 1789 354 1904 Contigit,
377 1801 418 1875 &
436 1789 557 1902 longo
573 1790 763 1899 paulatim
782 1791 986 1876 affuelcere
1002 1790 1121 1878 luctu.
1210 1803 1214 1811 ‘
1271 1781 1340 1890 ιη’

157 1957 308 2040 Parcite
325 1956 509 2038 mortales
527 1957 604 2042 iter
620 1957 706 2042 illac
723 1957 829 2041 forte
846 1977 1040 2064 tenentes,

157 2125 270 2236 Qus
288 2150 427 2207 omnes
444 2123 484 2207 iu
503 2121 596 2231 sese,
616 2145 735 2235 atque
752 2125 793 2207 iu
809 2123 873 2208 sua
891 2121 1027 2208 funera
1042 2148 1169 2210 mater

157 2289 272 2390 victa
290 2288 409 2374 animi
428 2309 597 2375 armatos
615 2289 832 2395 lacrymosis
846 2290 1003 2374 vocibus
1021 2294 1139 2398 excit,

155 2455 245 2564 Ipsa
258 2483 412 2568 quoque
429 2479 472 2538 ut
490 2457 596 2541 limnl
614 2457 655 2539 in
674 2477 815 2540 trunco
835 2458 1025 2540 moriatur
1042 2457 1196 2542 eodem.

157 2625 322 2729 Parcite,
344 2633 383 2708 &
403 2625 504 2708 aerei
522 2619 698 2708 nimbosa
715 2621 912 2706 cacumina
929 2641 1098 2729 montes,
1272 2658 1329 2721 ῳ

157 2791 225 2872 Ne
244 2787 371 2873 cadite
386 2789 427 2872 in
444 2808 608 2873 matrem
624 2789 750 2874 subita
766 2788 943 2872 convulsa
959 2787 1081 2894 ruina,

158 2961 330 3038 Exorata
349 2956 453 3059 licet,
480 2955 571 3038 licet
589 2958 693 3040 ultro
709 2953 809 3066 saepe
825 2977 988 3056 vocata;

158 3123 266 3203 Dum
278 3123 388 3232 juvat
407 3121 596 3206 immitem
616 3121 664 3206 fic
682 3122 814 3211 saltem
831 3124 985 3232 explere
1002 3123 1191 3208 dolorem.

161 3293 215 3372 At
233 3316 316 3371 non
333 3287 381 3372 fic
399 3287 518 3370 etiam
538 3287 682 3396 positus
700 3316 797 3373 carae
815 3289 1014 3402 genitricis

158 3455 277 3538 Filius
294 3455 438 3538 oblitus
453 3455 580 3539 media
596 3477 636 3538 te
655 3457 694 3540 in
713 3479 842 3546 ntorte
860 3455 1076 3566 supremum
1095 3455 1152 3541 est
1274 3491 1327 3552 235

163 3621 334 3704 Affatus:
361 3647 453 3733 quas
471 3623 498 3704 6
515 3633 654 3706 voces!
683 3649 770 3734 quae
787 3622 904 3704 verba
925 3620 985 3704 vel
1001 3621 1071 3730 ipfi

161 3789 321 3871 Pectore
339 3789 390 3868 ab
408 3785 576 3871 invalido
595 3789 699 3898 rupit
719 3786 942 3872 miserabilis
960 3785 1082 3900 hostil

160 3953 345 4038 Tandem
360 3953 401 4038 in
420 3974 459 4036 te
479 3953 546 4036 ah!
570 3954 741 4038 moriens
759 3953 967 4036 morientia
983 3951 1128 4037 lumina
1142 3953 1267 4067 liquit,

159 4125 209 4204 Et
225 4119 392 4227 dulcem,
415 4143 458 4205 ut
477 4123 620 4233 potuit,
638 4119 743 4218 vultu
763 4119 928 4223 servavit
945 4142 1131 4218 amorem.

872 4287 968 4408 Q
1257 4279 1336 4364 Hic
