3160 5198
353 301 536 380 Hunut
577 315 637 372 uu
672 291 839 373 Russus
876 289 1114 371 D1vtu1s.
1245 320 1318 372 τοι

141 523 201 601 At
219 515 351 628 potius
368 511 488 600 veluti
504 533 744 622 gemmaequc
758 533 967 620 aurumque
983 489 1190 592 medentur
1266 531 1320 600 ιε,
1442 511 1449 522 ’

141 685 393 794 Corporibus
415 681 513 788 saepe
529 675 689 781 adestis,
716 676 935 788 morbisque
951 674 1139 782 resistunt,

140 854 249 934 Non
265 847 370 962 qnod
389 875 437 930 ea
454 841 636 928 stomachi
654 841 792 951 rapido
809 843 998 928 concode
1016 844 1146 928 calore

140 1017 337 1100 Paulatim
352 1013 431 1099 sese
449 1013 700 1126 languentum
712 1009 753 1093 in
770 1007 914 1097 viscera
931 1030 1108 1096 vertant:

4 1189 6 1197 ¹
142 1185 227 1270 Sed
242 1184 332 1294 quia
350 1182 387 1267 vi
402 1180 564 1293 quadam
581 1173 807 1290 inspergunt
825 1177 984 1262 admota
1002 1178 1141 1262 latenti

142 1351 358 1457 Iztitiem
384 1347 562 1460 dulcique
582 1345 749 1430 hilarent
765 1345 978 1458 precordia
995 1366 1117 1430 motu.
1176 1379 1181 1396 ·
1210 1329 1216 1342 ’
1265 1373 1321 1434 ²²·

146 1519 212 1603 Sic
225 1543 384 1630 quoqne
401 1536 445 1599 tu
464 1513 602 1598 nostris
622 1513 756 1599 animis
775 1525 815 1600 δι
834 1513 1026 1598 mentibus
1044 1514 1193 1598 haerens

147 1685 290 1770 Robur
308 1683 413 1791 ades,
439 1681 538 1772 vires
555 1677 783 1793 occultaque
801 1683 940 1793 pabula
955 1683 1117 1791 praebes,

148 1853 239 1934 Nec
255 1854 458 1964 quicquam
474 1849 514 1932 in
530 1839 683 1934 nostros
700 1866 768 1933 tua
782 1849 926 1934 viscera
943 1849 1086 1963 digeris
1102 1867 1229 1932 artus:

151 2017 228 2101 Sed
245 2019 375 2127 potius
388 2045 461 2102 nos
477 2016 656 2102 admotus
673 2037 714 2102 te
728 2019 845 2105 vertis
860 2019 900 2101 in
918 2017 1052 2128 ipsum.

152 2185 257 2268 Hinc
274 2187 441 2294 primum
458 2183 650 2296 specimen
665 2183 871 2299 degustant
887 2210 1053 2296 corpora
1071 2181 1198 2266 nostra
1266 2215 1318 2273 ns

149 2351 254 2438 vitae
270 2352 514 2458 immortalis,
532 2353 785 2465 superumque
800 2352 1035 2436 affuescimus
1049 2377 1155 2432 aevo:

152 2519 310 2632 Qippe
327 2519 528 2604 hominum
544 2520 592 2605 fic
609 2519 763 2604 diffusus
778 2545 850 2628 per
866 2521 1027 2629 pectora
1042 2515 1184 2628 ubique

153 2693 290 2770 Mutua
308 2686 492 2770 mortales
506 2685 720 2772 concordes
737 2683 890 2770 foedere
905 2683 1035 2797 jungis

153 2859 337 2952 AEterno;
365 2881 463 2964 quos
479 2853 597 2964 pascis
615 2881 734 2960 amus,
760 2880 857 2965 quos
875 2874 1041 2962 corpore
1058 2848 1190 2932 fando

154 3019 417 3127 Refficisnno
432 3018 651 3131 eodemque
668 3042 830 3130 repente
845 3021 886 3104 in
901 3045 1033 3102 amore
1047 3016 1251 3124 calescunt,
1266 3039 1321 3096 rso
1368 3031 1373 3042 ·

151 3191 205 3270 Et
219 3185 325 3272 dulci
341 3188 446 3270 inter
460 3187 499 3270 se
518 3187 626 3271 nodo
640 3187 763 3300 jundi
782 3186 900 3298 usque
916 3207 1123 3286 tenentum

151 3357 286 3464 Atque
302 3355 358 3438 ita
374 3353 569 3438 nobiscum
586 3358 694 3440 Deus
709 3354 773 3439 hic
789 3355 1014 3439 mortalibus
1028 3357 1106 3438 oris

2 3510 3 3551 ¹
151 3519 289 3630 Usque
305 3547 452 3626 manes,
478 3523 577 3606 verti
589 3520 681 3606 dum
697 3521 790 3606 coeli
807 3519 952 3604 desinat
967 3523 1088 3628 orbis,

152 3685 262 3770 Olim
282 3706 326 3772 ut
342 3685 552 3796 pollicitus;
581 3715 654 3772 nec
667 3687 811 3772 habent
825 3687 1005 3797 promiffa
1023 3691 1240 3800 regrellum.

152 3851 216 3936 Te
231 3851 329 3938 duce
342 3851 458 3936 securi
477 3854 674 3968 gradimur
688 3881 758 3964 pet
771 3879 932 3966 quaeque
948 3855 1095 3940 viarum
1268 3883 1321 3958 ser

151 4017 315 4129 Aspera,
332 4018 510 4132 suscepto
524 4041 563 4104 te
580 4050 661 4104 non
680 4019 786 4104 deest
801 4021 913 4132 copia
929 4023 1063 4106 vidus.

151 4185 215 4272 Tu
230 4183 325 4294 dux,
349 4205 391 4270 tu
408 4213 559 4288 comes3
585 4187 722 4272 aeterni
740 4207 784 4273 tu
799 4190 913 4300 copia
929 4187 1079 4274 vietum

1272 4357 1327 4437 Et
