3160 5198
277 287 353 364 182
490 287 675 364 Miner
713 285 1039 368 Hrsttottrmr
1078 289 1222 374 Vror

271 495 479 610 Indulgere
496 496 597 582 odiis
615 499 828 609 primorum
844 497 1018 611 objedus
1034 500 1185 612 iniquis.

273 664 346 746 Ille
365 665 483 748 etiam
499 662 650 748 infidias
665 691 778 748 muro
795 665 973 748 demissus
992 665 1043 748 ab
1061 667 1144 750 alto

272 836 347 913 Per
364 830 496 916 funem
512 831 643 936 evasse,
671 805 779 915 nodi
798 843 839 916 &
857 830 1075 917 secredidit
1089 852 1195 917 atrae.

273 997 346 1080 Ille
362 997 482 1082 etiam
499 999 594 1082 saxis
610 999 766 1109 quoties
782 997 955 1109 jadaute
972 999 1118 1109 petitus

273 1162 390 1247 Plebe
408 1164 498 1247 tulit
514 1163 619 1250 diros
634 1161 804 1274 lapidum
821 1162 889 1250 sub
905 1163 1096 1278 grandine
1106 1167 1258 1278 jadus?
1373 1181 1417 1252 ¹85

274 1331 434 1441 Terque
452 1331 694 1444 magistratus
711 1331 825 1442 virgis
842 1359 914 1442 per
929 1331 1101 1442 compita
1115 1332 1238 1417 sectus

277 1496 599 1610 Contempsitque
617 1500 754 1604 minas,
774 1498 1073 1611 ignominiaeque
1090 1498 1272 1608 pudenda
1418 1479 1422 1488 ¹

278 1663 463 1772 Verbera,
484 1663 604 1749 divini
622 1663 768 1770 facibus
784 1663 981 1750 succensus
999 1664 1154 1748 amoris.

277 1830 442 1940 Jamque
461 1830 514 1914 illi
531 1858 661 1915 carcer
677 1832 830 1942 requies
849 1850 946 1937 erar,
971 1832 1090 1944 usque
1110 1832 1211 1916 adeo
1227 1855 1358 1917 omnes

278 1994 493 2080 Pertulerat
511 1996 607 2081 lethi
624 1998 771 2082 secums
790 1999 914 2081 vincla
929 2023 1000 2106 per
1016 1997 1140 2080 urbes.
1385 2023 1430 2084 ¹9⁰

280 2160 390 2272 Qid
408 2161 574 2247 referam
590 2165 742 2274 quoties
762 2164 882 2247 veluti
904 2165 1085 2276 contagia
1101 2164 1229 2248 secum

256 2409 263 2449 :
280 2327 380 2408 Dira
397 2327 527 2414 ferens
546 2325 663 2415 fuerit
682 2332 797 2414 muris
814 2330 999 2436 exclusus,
1020 2341 1060 2414 δι
1077 2351 1161 2412 atra
1224 2323 1230 2336 '

280 2494 415 2577 Nocte
432 2524 567 2608 graves
585 2496 717 2580 tulerit
736 2498 828 2581 coeli
849 2495 1101 2580 intractabilis
1117 2496 1204 2602 iras,

281 2665 391 2744 Inter
410 2663 494 2748 saxa
507 2665 638 2778 jacens
656 2693 817 2776 pernox,
839 2663 1037 2775 sociusque
1055 2663 1222 2746 ferarum

263 2831 483 2951 ,Montibus
498 2850 567 2914 aut
582 2832 734 2944 gelidis,
755 2849 821 2912 aut
841 2827 1039 2913 horriferis
1056 2828 1265 2938 speluncis?
1393 2857 1434 2920 ¹95

282 2992 460 3078 Flumina
479 3025 561 3080 non
580 2997 684 3080 illum
703 2999 752 3079 ab
771 2995 896 3080 studio
915 2994 1153 3078 torrentibus
1170 2992 1297 3097 undis,

284 3163 365 3244 Aut
380 3161 533 3271 objeda
551 3161 622 3244 seri
643 3161 844 3247 tardarunt
860 3187 1015 3274 aequora
1034 3158 1146 3270 ponti
1156 3205 1167 3259 ς

158 3432 162 3444 ,
283 3327 442 3438 Terque
462 3331 557 3414 mari
566 3307 611 3415 'in
634 3330 764 3416 medio
779 3331 901 3414 fratta
920 3346 1001 3410 rate
1019 3326 1140 3430 navit,
1163 3340 1203 3414 &
1220 3323 1370 3408 haustus

284 3494 460 3577 Nodem
478 3524 651 3604 omnem,
674 3519 879 3607 totumque
899 3493 1001 3576 diem
1021 3493 1089 3575 sub
1108 3493 1271 3604 gurgitis
1290 3491 1372 3572 imo

286 3661 495 3745 Deerravit
509 3663 604 3751 lethi
620 3691 741 3773 parvo
761 3661 976 3746 discrimine
995 3659 1131 3743 fundo.

286 3829 349 3909 Ut
368 3827 497 3914 sileam
515 3830 740 3942 infidiasque
756 3829 973 3930 hominum,
991 3819 1233 3934 incursusque
1248 3821 1421 3924 ferarum,

288 4001 342 4079 Et
360 4022 445 4108 qnae
462 3996 568 4084 mille
585 3998 648 4081 die
664 4025 745 4081 non
765 4021 880 4105 parva
895 3992 1063 4102 pericula
1081 3990 1216 4093 adivit,

292 4163 370 4247 Hic
383 4162 459 4250 illic
476 4193 555 4276 quo
572 4161 760 4252 mortales
782 4162 822 4246 in
838 4159 954 4245 nosse
969 4159 1143 4270 jacentes

1374 4317 1446 4409 Ob·
