3160 5198
365 269 548 350 uiuum
584 285 647 342 nu
684 263 856 346 Ruuos
890 263 1122 349 D1v1uus.
1250 291 1322 366 ¹73

153 484 336 593 Accipio,
360 479 619 590 inscendoque
634 477 768 582 libens,
796 487 837 562 &
852 473 1012 592 pedore
1029 480 1170 596 glisco!

155 651 310 760 Suscipe
325 675 389 733 me
399 693 413 746 3
440 644 602 758 dignare
620 614 692 726 tuo
710 637 798 728 mea
814 644 956 729 viscera
972 647 1112 756 fulcro,

154 817 261 930 Qae
279 815 383 927 ptius
400 812 576 924 ingentis
589 809 740 896 divinoe
756 809 918 922 hospitis
938 831 1043 898 ortuo
1273 849 1327 910 15·

154 987 271 1066 Laeta
287 1009 410 1066 onere
425 979 584 1064 insolito
598 977 703 1062 felici
720 977 809 1064 sede
828 979 958 1086 tulisti,

155 1147 282 1234 Unde
299 1146 414 1232 decus
433 1147 506 1230 tibi
523 1173 593 1256 per
607 1165 758 1260 gentes,
782 1155 823 1231 ει
839 1147 965 1259 glorie
979 1166 1092 1260 purte
1108 1147 1176 1234 ell.

156 1315 279 1404 Nunc
294 1315 400 1404 ducis
417 1311 616 1425 ingredior
634 1312 734 1398 tanti
752 1313 910 1428 vestigia
922 1315 1061 1429 longe:

61 1583 63 1586 ¹
158 1484 251 1584 Nec
265 1480 383 1570 fuerit
402 1479 497 1568 mihi
514 1507 582 1570 rex
598 1499 765 1586 tantum,
787 1479 879 1566 dum
895 1481 975 1568 vita
993 1482 1188 1568 manebat.
1263 1469 1290 1501 ‘⁵'
1369 1479 1374 1488 ’

158 1656 231 1736 Me
246 1676 310 1734 me
325 1651 445 1739 etiam
463 1648 635 1762 quamvis
652 1647 771 1762 louge
785 1648 971 1734 iuferiora
988 1646 1159 1735 secutum
1270 1681 1323 1742 155

162 1814 332 1927 Suscipe,
355 1828 396 1902 dc
414 1835 556 1927 optato
573 1813 762 1904 sublatum
780 1815 901 1902 redde
916 1816 1111 1930 magistro.

161 1985 269 2087 Nam
284 1985 404 2068 veluti
426 1984 604 2097 angustas
619 1983 777 2096 duplicis
795 2012 864 2094 per
881 1985 1032 2070 roboris
1049 1981 1138 2072 orae
1301 2064 1303 2072 ,

163 2155 265 2236 Vere
285 2179 389 2236 novo
406 2150 627 2261 ingrediens
643 2171 806 2236 renovat
821 2149 859 2234 se
877 2151 1021 2240 lubrica
1040 2154 1215 2264 serpeus:

163 2315 225 2399 Sic
244 2339 310 2399 tua
325 2317 434 2400 dulce
452 2315 545 2400 mihi
561 2317 616 2400 cst
633 2346 735 2402 nunc
753 2318 856 2400 inter
869 2319 1012 2403 robora
1029 2322 1173 2408 molem

161 2482 375 2593 Linquere,
397 2496 437 2570 &
454 2486 611 2568 exuvias
628 2481 846 2568 moribundi
863 2486 1038 2594 corporis
1055 2485 1175 2597 hujus,
1275 2507 1329 2564 xe·

164 2647 414 2761 Liberiusque
431 2650 512 2760 poli
527 2651 669 2735 volucri
687 2671 821 2774 petere
841 2648 960 2734 ardua
977 2651 1095 2762 lapsu.

164 2818 260 2918 Haec
278 2837 458 2945 repeteus
476 2817 591 2904 robur
606 2815 764 2902 tandem
781 2843 822 2898 es
841 2816 1008 2902 sublatus
1026 2819 1067 2903 in
1087 2823 1219 2928 altum,

164 2984 254 3062 Heu
270 2983 430 3066 nimium
447 2981 563 3068 duros
580 2985 771 3094 perpeffus
789 3001 917 3068 morte
934 2983 1111 3093 dolores!

164 3145 281 3230 Nunc
295 3145 431 3234 frueris
450 3150 598 3262 placida
614 3149 706 3236 felix
726 3151 767 3234 in
783 3151 906 3236 secula
926 3167 1032 3261 pace.

165 3309 279 3394 Salve
296 3313 460 3402 billenos
475 3315 593 3421 inter,
618 3339 730 3427 pater
746 3319 911 3427 optime,
935 3331 1085 3428 patres!
1277 3345 1327 3416 ¹65

164 3478 308 3590 Aspice
321 3510 393 3568 nos
407 3481 545 3589 bonus,
567 3501 684 3596 atque
704 3505 774 3568 tuo
792 3512 864 3570 nos
875 3485 998 3598 junge
1013 3484 1209 3608 magistro.
