3160 5198
352 208 630 292 Huuu1ua
664 203 833 288 Rnuus
867 204 1104 293 Drvrurs.
1234 217 1306 312 183

140 423 320 507 Obscura
337 421 507 535 erigeret
521 420 661 528 bonus,
680 420 721 503 in
737 422 937 532 lucemque
953 443 1126 529 vocaret,

86 589 89 596 ’
141 589 408 698 Palantesque,
431 588 643 697 proculque
658 607 830 670 errantes
849 590 1004 673 tramite
1022 592 1133 674 resto
1255 626 1308 686 205

143 754 355 838 Inveheret
370 753 477 838 coelo
498 753 566 836 fibi
585 781 656 864 per
672 744 964 840 divortia'nota.

144 923 319 1005 Cernere
336 939 421 1004 erat
435 921 515 1004 late
532 919 596 1004 hic
613 917 691 1004 illic
707 946 778 1028 per
795 947 929 1032 regna,
948 947 1019 1029 per
1036 918 1162 1030 urbes,

146 1091 279 1197 Atque
298 1085 371 1171 hos
395 1107 512 1196 atque
526 1086 613 1170 illos
629 1085 679 1171 ad
694 1111 794 1172 verae
810 1087 964 1198 surgere
978 1087 1072 1170 lucis

145 1253 328 1356 Lumina,
346 1253 572 1364 lustrarique
588 1251 715 1358 undis,
743 1263 783 1337 δι
800 1251 958 1337 credere
973 1251 1098 1339 diuis.

148 1419 310 1526 Felices,
325 1421 480 1503 Paulum
500 1445 646 1532 magno
662 1417 798 1530 quibus
815 1445 886 1501 ore
900 1439 1120 1526 tonantem,
1258 1454 1315 1502 ιιι

148 1588 465 1697 Mulcentemque
481 1585 569 1693 iras,
585 1585 808 1695 invidiaque
826 1585 944 1670 corda
962 1604 1207 1695 prementem

150 1753 295 1835 Coram
314 1711 460 1860 audisse
469 1752 601 1837 datum
621 1753 690 1858 est,
716 1769 878 1862 quantus
894 1751 1036 1838 scelera
1055 1753 1173 1862 impia
1193 1753 1316 1840 fando

151 1922 331 2002 lovellus
351 1938 543 2030 quateret,
570 1918 723 2029 quantis
738 1910 948 2030 assurgeret
965 1918 1093 2024 undis,

152 2087 226 2175 Vel
241 2111 327 2169 cum
346 2111 438 2198 rege
453 2084 577 2168 satum
593 2083 772 2194 superum
790 2086 1063 2197 omnipotente
1079 2083 1244 2170 referret

152 2261 286 2337 Morte
302 2248 366 2337 sua
382 2253 519 2336 nostris
534 2253 637 2336 ultro
656 2251 789 2336 cavisse
806 2254 972 2362 periclis,
1261 2285 1315 2348 ηις

154 2421 315 2535 Qnta
329 2419 479 2504 animos
497 2419 627 2504 moesti
643 2417 813 2503 afficeret
830 2416 1033 2506 dulcedine
1051 2419 1192 2505 amoris

153 2588 342 2698 Egregius
358 2586 510 2696 lingue,
529 2582 719 2669 foecundo
737 2586 897 2692 periore
914 2585 1020 2670 veri?

154 2753 366 2866 Qantove
385 2751 465 2863 ipse
482 2753 644 2862 loquens
660 2748 765 2833 intus
782 2749 965 2864 flagraret
983 2760 1140 2837 amore?

153 2917 307 3004 Frustra
321 2917 457 3001 eadem
473 2918 546 3000 seri
566 2917 761 3026 optabunt
779 2916 908 3001 vidisse
924 2942 1101 3028 nepotes,

154 3090 208 3167 Et
224 3085 325 3168 votis
341 3085 417 3168 hoc
434 3083 474 3166 in
492 3083 648 3166 summis
666 3083 932 3168 numerabitur
944 3115 1074 3170 unum.
1263 3110 1320 3167 m·

156 3253 322 3364 Jamque
338 3277 385 3334 ea
399 3249 663 3362 Grajugennm
682 3250 871 3362 regnabat
889 3223 1021 3365 lingua
1036 3279 1107 3363 per
1123 3252 1239 3338 urbes

156 3416 396 3517 Altitonans‚
422 3414 635 3526 victrixque
651 3415 801 3499 animos
817 3414 984 3500 ducebat
1001 3415 1167 3504 hiantes.

155 3585 322 3696 Jamque
338 3581 448 3666 novis
461 3579 589 3666 Asiam
608 3579 721 3666 sacris
735 3601 984 3689 permoverat
1001 3611 1174 3690 omnem,

156 3750 311 3861 Resque
327 3748 383 3830 illi
398 3747 566 3832 extemis
584 3748 718 3832 melius
734 3744 904 3830 successit
919 3749 958 3832 in
974 3751 1067 3858 oris,

157 3921 281 4000 Verus
297 3914 363 3998 ubi
379 3913 531 4025 penitus
544 3917 653 3996 Dens
670 3913 952 4023 omnipotentis
969 3915 1132 4025 Olympi
1267 3946 1321 4010 υς

156 4085 243 4167 Rex
262 4083 422 4196 ignotus
438 4099 538 4184 erat,
563 4077 630 4164 sed
648 4077 719 4164 diis
737 4077 911 4165 simulata
925 4079 1106 4167 colebant

1227 4247 1326 4330 Saxa
