3168 5190
294 277 372 354 232
514 240 1253 352 Mancrflrnunrmvmr

244 563 248 571 ,
291 468 363 552 Ille
379 463 538 578 quidem
554 461 595 545 iu
613 457 749 544 mediis
761 456 964 541 hominum
979 461 1234 548 conventibus
1247 489 1317 546 ore

292 633 438 744 Incipit
453 629 562 716 effati
576 627 805 712 immortalis
823 622 961 737 gaudia
978 626 1070 710 vitae

292 801 530 905 Ostendens,
551 795 697 906 altique
713 794 795 878 acie
813 791 1029 900 penetralia
1044 792 1139 878 coeli

291 971 441 1054 Mentis
459 966 566 1065 adit;
591 961 658 1046 sed
676 986 762 1072 quae
778 987 882 1044 nunc
896 959 1022 1069 prima
1037 958 1197 1044 exordia
1211 957 1381 1047 sumam?

291 1139 398 1219 Nam
417 1135 537 1218 modo
555 1129 745 1217 nascentis
763 1125 869 1212 cauit
884 1124 1113 1210 incunabula
1129 1129 1276 1233 muudi,
1417 1165 1448 1228 35

292 1303 392 1418 Qis
409 1327 538 1385 rerum
555 1297 674 1403 sator,
700 1293 927 1378 immensum
945 1319 1016 1402 per
1031 1293 1146 1378 inane
1159 1297 1244 1407 quis
1259 1299 1393 1381 auctor

289 1470 503 1553 Terrarum
519 1463 654 1552 validis
670 1462 804 1547 vinclis
820 1461 1018 1546 libraverit
1036 1463 1186 1546 orbem.

288 1639 408 1722 Nunc
426 1633 544 1718 docet
561 1631 745 1742 obliquos
763 1629 862 1714 Solis
884 1633 1079 1742 Lunaeque
1097 1649 1262 1734 meatus,

291 1804 569 1912 Astrorumque
585 1800 698 1904 vices,
725 1797 993 1910 pascentiaque
1009 1795 1155 1881 aethera
1170 1796 1277 1884 dium

289 1968 423 2054 Sidera
440 1967 670 2052 inexhaustis
688 1963 849 2049 flammis
865 1964 1072 2078 laticesque
1089 1965 1248 2049 cuades
1412 2001 1445 2059 4·

288 2137 402 2221 Astra
416 2139 542 2246 super,
567 2159 653 2246 quae
668 2130 809 2216 dehinc
825 2131 960 2242 liquidi
977 2133 1077 2246 ignis
1089 2130 1250 2236 semina,
1268 2159 1353 2244 quae
1367 2133 1416 2218 vis

288 2304 495 2416 Torqueat
510 2299 683 2386 immensi
699 2299 907 2408 irrequieta
925 2299 1120 2384 volumina
1136 2299 1283 2384 muudi.

287 2470 412 2556 Addit
428 2467 652 2558 coelicolum
667 2464 865 2577 sedesque,
887 2465 1100 2578 domosque
1117 2467 1280 2577 quietas,

286 2637 533 2751 Agminaque
550 2635 707 2718 alituum
722 2632 900 2743 superum
918 2654 979 2718 ter
995 2653 1106 2718 terna
1122 2634 1308 2720 recenset.

284 2805 512 2920 Qinetiam
528 2801 688 2886 ulterius
704 2799 855 2886 solertis
875 2801 1023 2884 lumina
1040 2801 1182 2885 mentis
1217 2757 1222 2766 .
1406 2835 1436 2898 ⁴5

285 2971 470 3074 sustollit,
495 2969 660 3082 figitque
676 2969 809 3053 oculos
827 2969 865 3048 in
883 2965 968 3050 luce
987 2968 1174 3078 suprema.

285 3138 377 3251 Qa
391 3137 543 3220 ratione
559 3135 698 3219 animae
710 3135 952 3220 nascentibus
970 3133 1222 3242 infinuentur,

283 3305 433 3418 Qaeve
447 3303 582 3388 animia
598 3324 749 3410 natura,
771 3302 912 3413 quis&
929 3301 1056 3414 vigor,
1079 3304 1213 3387 omnia
1225 3304 1340 3390 dinis

282 3470 495 3554 Illustrans:
521 3490 604 3554 tum
621 3466 750 3554 nescio
768 3495 844 3580 qua
861 3464 1064 3552 dulcedine
1082 3491 1255 3556 mentem

282 3636 446 3748 Captus,
468 3639 588 3722 vitam
604 3637 714 3720 aliam
732 3635 818 3744 post
833 3633 960 3720 serula
974 3634 1057 3719 sera
1071 3633 1255 3744 futuram,
1411 3669 1445 3730 μ

281 3801 1302 3915 Atq;aliospopuloqnovaregnamovaarva,novum
1310 3831 1446 3920 aequor,

281 3975 476 4082 Aeraque,
494 3967 691 4082 stellasque
708 3969 814 4075 alias,
831 3969 1131 4082 renovandaque
1146 3974 1268 4056 Luuae

278 4135 461 4245 Lumina,
482 4161 555 4223 nec
568 4157 682 4224 motu
696 4135 910 4230 volvendos
927 4137 1082 4224 aetheris
1096 4137 1214 4226 urbea

1362 4311 1443 4394 Per·
