3180 5184
261 272 310 348 ta
466 271 646 350 Manet
683 263 1015 348 Hieronem
1054 267 1199 350 Vror

256 487 426 593 Unaque
446 477 645 564 nobiscum
663 475 709 562 stt
726 479 765 562 ei
782 477 976 564 sententia
992 507 1172 569 coneum.

257 648 379 763 Qud
399 649 425 732 su
445 647 583 758 sponte
600 644 676 730 tuis
694 645 852 732 stimulis
865 673 1002 756 parete
1019 651 1186 756 recusat,
1377 681 1440 744 ⁴25

254 823 308 900 Et
326 818 449 900 lucem
468 811 626 928 refugit,
653 809 832 927 furiisque
851 811 986 898 insistit
1000 815 1042 900 in
1056 815 1215 920 iisdem;

257 987 316 1068 Sit
336 987 484 1069 nostros
504 983 638 1068 saltent
658 1007 769 1094 reges
786 980 969 1066 divinitus
987 982 1093 1068 inter

254 1159 342 1268 Jam
357 1155 436 1267 jam
454 1150 589 1266 aliquis
606 1149 751 1260 pariter
765 1149 913 1258 pietate
929 1147 1086 1261 infignia
1102 1163 1143 1238 δι
1162 1153 1293 1261 aruris,

255 1323 330 1407 Cui
348 1323 458 1434 largo
476 1315 655 1404 infundas
673 1315 845 1400 divinum
861 1318 1020 1402 numine
1040 1317 1171 1425 robur,

255 1497 388 1600 Atque
403 1487 571 1571 habilem
584 1483 731 1596 pariter
743 1481 1000 1597 membrisque
1012 1487 1226 1600 animisque
1239 1489 1437 1602 vigonem

255 1661 350 1770 Qo
369 1655 449 1740 sese
468 1651 648 1766 prestans
665 1649 784 1735 animi
802 1651 1029 1765 patiensque
1046 1654 1223 1740 laborum
1373 1693 1432 1758 ⁴9¹

257 1823 407 1907 Audeat
424 1819 623 1906 indomitis
640 1819 795 1932 urgenti
814 1844 1019 1930 opponere
1036 1819 1159 1928 bello,

254 1997 386 2103 Atque
403 1987 517 2073 armis
535 2005 684 2096 petere,
704 2007 820 2096 atque
837 1985 942 2070 malo
961 1985 1014 2070 ad
1031 1989 1193 2072 meliora
1208 2013 1364 2097 vocare,

256 2163 314 2242 Ac
332 2157 439 2240 ferro
455 2155 533 2238 late
549 2151 770 2262 serpentem
789 2150 994 2238 excindere
1011 2155 1175 2265 pestem:

253 2330 316 2409 Ut
332 2343 473 2408 coeant
491 2321 624 2425 animi,
651 2333 692 2406 δε
710 2321 841 2408 studiis
855 2323 1123 2408 communibus
1139 2323 1227 2408 affl
1372 2353 1428 2420 nc

251 2487 469 2578 Nobiscum
489 2489 629 2576 tendat
643 2517 740 2604 gena
759 2489 889 2596 effera,
910 2486 1053 2574 sentiat
1067 2517 1201 2574 unum.

254 2653 372 2764 Siqua
389 2673 523 2736 tamen
539 2647 649 2761 lapsis
665 2651 849 2764 contagia
866 2650 1037 2736 moribus
1052 2651 1220 2756 obstant,

253 2825 307 2902 Et
325 2843 434 2904 vetus
453 2821 493 2902 in
513 2817 625 2902 nobis
644 2817 763 2900 virtus
780 2769 954 2930 elanguit
973 2818 1049 2924 ina,

253 2983 339 3091 Illa,
360 2985 468 3094 prior
484 3009 559 3096 qua
578 2981 682 3069 fama
697 3004 790 3066 aetaa
805 2983 917 3093 supet
932 2984 1078 3070 ethera
1093 2982 1240 3090 adibat,

204 3147 208 3154 ’
252 3148 488 3260 irrepsitque
505 3147 593 3233 stus
608 3146 767 3258 dejettis
788 3143 936 3260 legibus
954 3173 1062 3253 ater3
1109 3223 1112 3230 .
1368 3187 1444 3246 κο.

253 3313 397 3398 Rursus
415 3313 547 3398 nostra
565 3335 631 3398 tua
650 3315 880 3400 recalescant
896 3319 1059 3428 petione
1075 3317 1243 3428 flamma,

252 3489 343 3567 Huc
357 3483 440 3592 jace
457 3477 588 3566 sancte
607 3482 682 3566 tuis
699 3481 828 3568 tedam
846 3511 869 3568 e
885 3479 1106 3570 fornacibus
1122 3515 1253 3598 unam,

252 3651 354 3756 Qae
370 3668 497 3732 totum
517 3650 705 3736 accendat
723 3647 864 3738 sauciis
879 3652 1081 3740 ardoribus
1097 3654 1248 3740 orbem.

251 3817 341 3900 Nos
355 3816 520 3924 primum
538 3838 644 3927 pete,
670 3819 737 3930 qui
757 3819 797 3904 in
814 3817 944 3904 sedem
961 3819 1211 3906 convenimus
1230 3847 1361 3930 unam,

252 3989 349 4066 Saxa
365 3983 429 4064 ubi
447 3983 663 4092 depressum
680 3984 856 4071 condunt
872 4008 1068 4098 praempta
1084 3987 1297 4076 tridentum
1368 4024 1424 4086 rm

250 4150 355 4236 Hinc
373 4171 489 4264 atque
502 4147 593 4236 hinc
608 4150 721 4240 variis
740 4153 853 4240 acciti
867 4179 890 4238 e
906 4149 1059 4242 sedibus
1077 4156 1203 4259 orbim

1360 4324 1427 4406 Ut
