3180 5184
361 266 547 346 Hsnru
584 281 647 339 os
678 258 847 340 Rosos
883 257 1133 342 Drvsnss.
1285 275 1333 362 ες

145 481 237 565 Hei
259 479 371 566 mihi!
390 505 472 564 non
491 473 667 562 avibusve
682 474 825 562 ferisve
838 473 977 559 cubilia
995 473 1157 577 desunt;
1296 513 1331 578 35

226 650 282 728 At
299 669 429 728 rerum
447 641 594 726 sudori
610 639 706 725 defit
723 641 868 752 ubique
887 643 1006 726 locos.

11 848 14 957 J
146 811 252 894 Sola
268 807 356 916 fuit,
380 811 453 894 tibi
470 835 556 922 quae
570 807 725 893 nodoiis
743 810 949 896 roboribus
967 839 1059 896 crux

9 1028 12 1185 Ι

230 985 339 1068 Heu!
360 978 522 1062 nimiunn
540 976 680 1064 dorum
695 977 860 1087 praebuit
874 977 1094 1088 hospitium.

9 1232 11 1276 f
146 1141 255 1221 Haec
268 1133 395 1221 fuerat
409 1136 527 1222 servis
541 1161 665 1248 poena
681 1135 791 1242 olim,
810 1137 892 1224 haec
907 1135 1053 1225 furibus
1066 1167 1189 1252 aequa,

231 1307 339 1421 Qos
357 1325 486 1390 tecum
504 1331 626 1391 cerno
641 1325 809 1392 mortem
826 1306 962 1391 obiiffe
975 1334 1121 1418 parem.
1290 1339 1330 1394 40

150 1475 259 1588 Qae
275 1495 356 1557 tarn
371 1472 456 1557 dira
474 1479 635 1557 manus?
660 1500 836 1586 quaenam
853 1491 935 1560 tam
953 1474 1116 1558 barbara
1130 1501 1251 1585 porro

229 1643 336 1724 Gens
354 1659 510 1726 tantum
523 1640 670 1725 obtufis
684 1638 849 1726 sensibus
865 1639 953 1726 ausa
970 1639 1103 1728 nefas?

154 1807 253 1920 Qo
268 1807 376 1892 ruitis
390 1807 543 1892 miseri?
568 1809 635 1919 qui
659 1827 789 1894 tantus
804 1809 999 1895 mentibus
1015 1837 1124 1895 error

227 1976 397 2060 Infidet?
423 1977 465 2060 in
481 1975 645 2062 vestrum
665 1974 826 2062 tenditis
842 1979 1017 2066 exitium.

154 2149 227 2228 Me
245 2142 393 2254 potius,
411 2170 553 2252 tneme,
573 2146 640 2256 qui
653 2145 742 2249 feci,
768 2143 845 2228 hoc
859 2145 1011 2256 perdite
1028 2145 1159 2260 ligno;
1291 2181 1325 2240 ,45

225 2311 301 2398 Hic
319 2312 417 2398 nihil
434 2310 605 2414 admifit3
633 2311 734 2396 fraus
750 2339 851 2418 mea,
873 2312 978 2397 furta
995 2339 1094 2396 mea.
1211 2379 1216 2392 .

155 2479 270 2565 Tene
285 2481 343 2564 ita
359 2507 447 2566 cum
462 2477 555 2564 diris
570 2480 743 2589 pendere
762 2481 991 2588 latronibus,
1011 2480 1138 2564 omnis

224 2649 331 2736 vitai
347 2647 474 2733 corsos
491 2647 553 2730 cui
569 2646 648 2732 fine
663 2648 751 2732 labe
766 2643 865 2732 fuit?

10 2860 11 2868 ¹
155 2817 233 2938 Q'
247 2841 373 2928 neque
390 2817 575 2902 consano
590 2817 833 2914 intemeratae
849 2817 1006 2930 virginis
1026 2816 1098 2902 alvi

223 2984 431 3068 Contraxti
444 2982 615 3093 antiquae
631 2985 737 3097 figna
752 2984 896 3070 luenda
910 3007 1033 3070 notae:
1292 3017 1328 3074 s·

155 3149 232 3236 Sed
246 3151 413 3264 genitrix
430 3177 527 3262 pura
544 3151 636 3234 coeli
654 3155 835 3265 concepit
853 3157 902 3238 nb
919 3183 1021 3261 aurs,

225 3321 315 3412 Nec
329 3317 464 3428 potuit
483 3317 600 3402 facies
615 3317 846 3408 dissimulare
863 3353 997 3437 genus.

9 3483 11 3499 n
154 3489 218 3570 Ut
235 3483 363 3568 fileam
377 3485 598 3591 benefacta,
626 3507 689 3569 tot
707 3497 747 3570 ὅτ
766 3491 948 3574 miracula
966 3519 1107 3599 retum,

226 3653 331 3762 Qae
349 3681 430 3742 non
448 3651 616 3738 humana
631 3654 882 3766 perficiuntur
900 3685 1002 3769 ope;

10 3897 11 3900 t
152 3817 297 3932 Insigni
315 3839 474 3928 poteras
489 3821 633 3930 forma,
659 3821 947 3932 &juvenilibus
963 3827 1074 3918 annis
1292 3859 1325 3920 ts

223 3985 403 4076 Immiffae
418 3989 553 4100 peetus
568 3987 732 4080 reddere
748 3989 869 4084 molle
885 3993 990 4096 fere.

1242 4157 1327 4242 Pol·
