3180 5184
90 249 110 270 “
252 270 313 354 44
469 249 657 328 Meter
696 247 1029 330 Htenotrrnt
1069 241 1215 326 Vron

255 464 389 576 Atque
403 459 525 548 oculi·
540 459 721 572 subjecta,
745 459 866 542 etiam
885 459 1075 570 pollemus
1090 453 1211 562 edire,

255 627 360 742 Qae
374 627 530 743 firgiuot
546 625 747 712 hominum
762 621 876 732 visua
896 623 960 712 rin
976 622 1112 734 pervia
1127 623 1265 732 urenti,

256 797 389 909 Atque
407 795 463 882 ita
478 823 552 881 nos
569 791 730 879 veheres
743 809 811 878 tua
824 813 896 902 per
911 790 1070 904 vestigia
1088 789 1141 876 ud
1155 791 1265 876 ultre:

256 961 395 1077 Qlis
413 957 509 1068 avie,
534 981 616 1046 non
627 963 710 1077 jam
725 958 930 1072 implumes
943 981 1032 1043 eurr
1049 953 1180 1043 sedule
1194 973 1309 1048 natue

255 1129 420 1235 Invitat,
445 1127 655 1240 tenditque
669 1130 801 1214 volatu
819 1126 984 1212 educere
1006 1123 1050 1210 in
1067 1149 1199 1226 auran
1402 1147 1452 1204 eo

256 1295 347 1407 Ipsa
359 1295 612 1407 supervolitet
629 1290 764 1380 nidum
783 1291 1041 1380 alludentem
1053 1293 1137 1398 alie,

258 1463 522 1577 Paulatimque
535 1462 608 1548 leri
623 1461 662 1546 se
680 1463 786 1548 tollit
805 1459 847 1546 in
862 1479 953 1546 aera
971 1455 1090 1568 lapsu.

257 1631 358 1716 Non
373 1631 447 1716 alia
460 1627 669 1715 hunreuurn
687 1653 808 1744 genua
824 1649 908 1714 arte
924 1625 1062 1713 obtuse
1079 1645 1143 1726 tot
1159 1644 1283 1710 annot

259 1795 392 1882 Corda
410 1819 550 1910 gerent
564 1815 721 1909 poterat
737 1796 886 1880 sublimi
904 1789 1064 1906 pedore
1082 1793 1200 1910 digna

259 1963 493 2075 Concipere,
515 1973 556 2048 δι
572 1961 722 2049 uolucri
741 1964 887 2050 coelum
899 1966 1116 2046 tramittere
1135 1979 1280 2048 mente.
1390 1977 1435 2058 ,ες

259 2132 367 2215 Natu
383 2131 455 2216 tibi
471 2133 611 2216 cunda
628 2149 754 2242 patet,
779 2155 867 2244 qoae
883 2127 986 2237 sunt,
1005 2157 1139 2242 quaeve
1158 2149 1251 2213 ante
1268 2123 1391 2235 suere,

261 2297 409 2412 Qaere
424 2297 566 2384 dehinc
582 2319 759 2406 ventura,
782 2299 848 2382 uni
868 2296 1030 2403 deterit,
1049 2306 1090 2381 δι
1104 2320 1213 2408 oque

259 2465 409 2550 Omnia
423 2463 507 2572 scia,
534 2477 575 2554 dt
592 2468 731 2551 cunda
748 2465 870 2570 vides,
890 2463 996 2549 uidet
1009 2463 1144 2548 omnia
1160 2483 1205 2546 ut
1222 2462 1303 2547 ille.

169 2623 173 2630 ’
258 2629 323 2716 Te
335 2631 509 2744 quamuis
520 2635 661 2784 genuit
680 2653 792 2745 pater
808 2633 956 2738 anaor,
982 2635 1213 2714 nontamen
1233 2655 1403 2744 unquam

258 2795 323 2880 Te
341 2797 415 2882 fuit
433 2819 527 2882 ante
547 2823 677 2908 pater;
704 2823 900 2910 nunquam
918 2823 1000 2881 non
1018 2795 1098 2907 ipse
1115 2795 1218 2882 fuiti
1392 2825 1434 2888 a*

258 2960 378 3046 Filius
399 2985 548 3046 aeterno
566 2961 716 3046 soboles
731 2987 897 3074 aequaeva
912 2964 1077 3074 parenti.

257 3128 357 3233 Ceu,
380 3126 554 3238 quamvis
574 3127 691 3239 longe
709 3129 863 3216 aeternis
877 3131 1080 3242 pereuntia
1096 3128 1252 3233 distant,

259 3292 450 3403 Splendor
466 3293 515 3376 ab
533 3294 622 3405 igne
638 3293 775 3400 oritur,
791 3295 1037 3407 splendorem
1056 3312 1283 3381 nontamen
1302 3295 1403 3410 ignia

258 3461 425 3568 Anteiit‚
446 3482 488 3544 at
505 3462 611 3546 fimul
630 3484 746 3576 atque
765 3465 863 3576 ignis
881 3485 965 3547 tum
984 3469 1109 3573 coepit
1122 3461 1231 3570 oriri,

257 3632 383 3713 Ortus
402 3628 496 3712 item
516 3629 662 3739 pariter
679 3627 866 3741 splendor
882 3629 1034 3714 diffulsrt
1052 3631 1103 3714 ab
1117 3627 1214 3746 igni,
1391 3667 1430 3728 ις

258 3791 513 3904 AEternusque
532 3791 634 3880 foret
653 3799 811 3907 pariter,
834 3798 1039 3882 sraeterr'ru's
1059 3811 1099 3885 δε
1117 3801 1229 3914 ignia.

256 3964 355 4046 Non
374 3981 486 4072 pater
502 3963 558 4044 est
575 3983 615 4047 te
632 3965 776 4074 major;
802 3965 920 4048 habes
938 3967 1056 4076 petris
1071 3967 1218 4070 munia,
1239 3977 1280 4052 δι
1298 3966 1338 4050 in
1356 3985 1400 4048 te

256 4127 463 4241 liliputer,
483 4101 526 4214 ut
544 4131 725 4243 genitore
740 4131 873 4216 itidem
894 4153 939 4217 tu
955 4129 1106 4245 semper
1120 4135 1161 4218 io
1180 4133 1264 4242 ipso
1281 4155 1344 4233 εις

1307 4301 1428 4417 Q.
