3160 5198
267 293 344 360 170
484 265 664 343 Manet
700 263 1035 349 thuonrnt
1072 271 1217 355 Vina

262 475 500 586 Intrepidus,
519 496 648 561 totum
667 505 749 589 quo
764 474 883 562 ferres
900 478 1003 565 fadta
1021 509 1091 592 per
1107 473 1244 572 orbem

262 645 382 748 Illius,
404 656 443 729 &
462 645 610 728 sandtas
627 646 804 756 vulgares
821 648 987 759 undique
1007 649 1128 762 leges,

260 811 524 920 Mortalesque
542 839 646 894 novo
664 811 841 896 lustrares
860 813 1014 896 luminis
1034 827 1150 900 ortu?

260 951 438 1086 Cumque
453 978 544 1060 alias
559 977 650 1062 alius
670 977 886 1090 purgandas
906 981 987 1062 isset
1008 983 1056 1064 ad
1076 1011 1178 1090 otas,

259 1145 365 1226 Cura
384 1141 454 1225 tibi
471 1143 634 1248 Scythiae
653 1143 794 1228 cecidit
812 1145 1036 1230 concredita
1056 1151 1167 1234 lorti:

259 1313 390 1426 Qant
407 1309 606 1420 postquam
623 1309 785 1394 insolitae
800 1311 975 1394 recreasti
993 1314 1135 1399 lumine
1154 1317 1263 1420 lucis,

261 1454 392 1587 Atque
409 1503 568 1562 ornnem
583 1476 695 1560 fadis
711 1476 872 1586 implesti
892 1479 1114 1588 ingentibus
1132 1511 1258 1587 oram,

261 1647 412 1729 Graecia
427 1644 594 1728 restabat
610 1644 750 1728 divinae
768 1643 953 1751 impervia
969 1645 1058 1749 luci,

258 1812 367 1894 Dum
386 1813 545 1896 nimium
565 1809 667 1894 freta
683 1809 859 1894 humanis
879 1809 955 1894 sese
971 1813 1114 1896 artibus
1129 1813 1255 1918 effert,

258 1979 349 2064 Nec
367 1977 471 2063 cedit
489 1977 558 2062 nist
575 1977 701 2060 fallaci
721 1978 876 2060 ratione
892 1975 1058 2063 subacta.

258 2144 489 2254 Divinaeque
505 2141 689 2253 potestati
705 2143 800 2228 nihil
820 2164 976 2254 arrogat
994 2133 1113 2249 ultro,

259 2311 362 2425 Qae
380 2309 504 2395 sensus
522 2310 723 2396 hominum
738 2311 857 2424 longe
873 2313 1114 2420 ptaevertitur
1129 2339 1268 2426 aegros,

257 2479 312 2558 Et
331 2473 479 2590 refugit
493 2477 627 2562 tardos
643 2477 858 2561 animorum
876 2477 931 2559 ob
948 2477 1078 2560 nubila
1095 2499 1242 2588 captus.

258 2643 439 2728 Protinus
456 2643 654 2758 Argolicas
672 2643 842 2751 pertexti
859 2671 979 2728 navus
993 2642 1042 2725 ad
1061 2643 1193 2728 urbes:

258 2811 349 2896 Nec
367 2827 408 2892 te
423 2810 515 2894 ullae
532 2832 692 2896 tenuere
711 2835 844 2916 motae‚
862 2808 969 2921 quod
987 2809 1107 2893 multa
1124 2814 1278 2922 piorum

259 2973 439 3083 Corpora
456 2977 561 3060 miffa
579 2977 664 3060 neci
684 2975 1038 3085 Danaisaccepetis
1055 2978 1147 3082 oris,

258 3139 427 3226 Praefidis
446 3144 578 3254 Argivi
596 3141 738 3225 invidia
756 3169 936 3252 caecoque
955 3139 1100 3225 furore.

259 3310 322 3390 Ut
337 3307 467 3392 faciles
482 3309 608 3392 omnis
626 3306 697 3390 tibi
715 3305 862 3390 Achaia
880 3310 1041 3418 praebuit
1059 3335 1183 3414 aures,

259 3473 396 3558 Audiit
414 3495 458 3557 ut
476 3477 572 3560 mira
586 3501 710 3558 rerunt
732 3473 908 3556 novitate
924 3473 1169 3586 loquentem:

259 3643 391 3752 Atque
406 3643 542 3728 animis
559 3669 690 3725 verum
709 3639 909 3751 lucemque
931 3642 1146 3729 volentibus
1162 3639 1296 3728 haofit.

257 3807 383 3918 Impie
402 3808 493 3920 quid
511 3806 604 3895 furis
622 3813 764 3918 AEgaea,
792 3805 942 3918 lucique
960 3818 1179 3918 repugnas?

257 3975 371 4058 Tene
388 3996 501 4086 putas
517 3977 621 4084 poffe
640 3971 797 4056 illustres
819 3970 1055 4058 abscondere
1073 3972 1167 4060 coeli
1373 4011 1424 4056 100

256 4142 456 4228 Auricomi
473 4141 659 4245 flammas,
681 4133 881 4250 ipsumque
898 4139 1127 4254 extinguere
1141 4139 1263 4228 solem

1337 4309 1423 4392 Un-
