3180 5184
184 286 235 367 it
397 266 574 357 Miner
613 274 948 357 Hrtnouuur
986 281 1128 364 thn

180 497 231 576 In
249 505 290 572 te
306 487 394 574 sunt
412 485 540 572 nullos
558 486 760 572 hominum
776 492 990 576 metuentia
1005 487 1123 578 casus.

182 655 381 770 thqun
400 657 532 760 ntes,
549 625 656 740 'unus
674 653 890 762 utrumn,
915 658 1009 744 nnu
1026 686 1069 746 es
1087 660 1224 772 ipsum,

180 831 238 920 Et
252 824 349 908 nihil
366 821 422 906 est
437 823 477 908 in
496 845 536 948 tc
554 821 709 934 penitus
725 841 766 905 te
784 841 925 932 praeter
941 824 1124 933 eundem,

183 993 325 1102 Tuque
344 992 402 1078 tui
416 1017 503 1102 puts
520 989 614 1101 ipse,
641 990 696 1076 tui
715 989 860 1098 paritet
879 1017 1032 1102 quoque
1052 1015 1178 1080 totum
1197 1023 1251 1084 et.

185 1161 361 1250 Arcesius
380 1158 453 1244 tibi
467 1161 556 1246 sunt
573 1156 681 1261 nulli,
702 1155 871 1266 nullique
889 1159 1063 1244 recessus.
1298 1201 1356 1260 ιφ

185 1328 382 1442 Qicquid
401 1327 533 1432 habes,
546 1325 618 1410 tibi
633 1325 750 1410 fixum
768 1323 868 1408 adeo
886 1345 1003 1436 atque
1021 1329 1211 1414 tenaciter
1221 1283 1377 1438 hatret,¹
1423 1317 1437 1350 ²

185 1498 250 1578 Ut
268 1513 437 1606 nequeat
454 1492 601 1581 traduci
620 1491 711 1596 aiio,
738 1517 864 1602 neque
883 1491 1026 1578 vertier
1040 1523 1221 1606 unquam.

187 1662 298 1748 Dum
312 1661 427 1766 luces,
443 1663 504 1748 lux
523 1658 604 1770 ipsa
623 1657 777 1771 quidem
793 1686 852 1786 cs:
880 1657 973 1744 dum
990 1661 1096 1767 vivis,
1123 1660 1164 1746 id
1185 1663 1303 1773 ipsum
1317 1691 1361 1750 es

188 1826 348 1918 Vivere:
376 1827 468 1914 dum
486 1825 599 1936 sapis,
623 1825 702 1933 ipsa
720 1822 821 1909 adeo
840 1825 1026 1936 sapientia
1047 1813 1173 1914 tecum
1191 1831 1261 1938 est,

189 1995 252 2078 Ut
271 1991 456 2105 nusquam
477 2011 596 2107 queat
614 1984 663 2074 ab
680 1989 759 2076 sese
777 1993 951 2078 divellier
968 1993 1060 2102 ipsa.
1302 2031 1359 2090 *tr

190 2159 520 2274 Qndoquidem
540 2157 635 2244 nihil
653 2187 694 2244 es
717 2157 905 2263 concreti,
931 2159 1062 2270 aptive
1081 2161 1199 2246 secari

190 2333 239 2410 In
257 2347 402 2435 partes,
429 2326 495 2412 sed
514 2355 622 2414 mens
643 2325 834 2438 purissima
852 2329 1025 2434 corporis
1044 2355 1171 2434 exors,

192 2491 280 2604 ipse
297 2495 370 2580 tuis
389 2494 538 2604 pollens
554 2493 707 2602 opibus,
728 2492 821 2576 nihil
840 2491 993 2606 indigus
1007 2519 1129 2578 extra.

192 2663 339 2747 Iccitco
353 2662 473 2773 usque
487 2663 559 2746 tibi
578 2667 742 2766 constas,
770 2673 810 2748 &
830 2659 977 2748 sedibus
999 2659 1131 2748 iisdem
1147 2689 1218 2764 em

193 2829 284 2912 Nec
301 2850 342 2912 te
357 2853 521 2934 opetum
539 2831 648 2940 piget
664 2829 874 2932 auctorem,
898 2795 977 2911 non
995 2829 1166 2938 poenitet
1180 2857 1361 2941 unquam.

194 2997 248 3077 Et
264 2991 449 3103 fiquando
463 3021 560 3101 opus
576 2994 772 3102 inceptum
793 3019 873 3076 non
891 2995 1053 3104 persicis,
1082 3007 1123 3082 δε
1137 2967 1183 3082 te
1309 3029 1364 3094 ²5¹

195 3157 396 3266 Subducis,
422 3187 505 3242 non
523 3157 718 3244 consilium
739 3161 976 3246 immutabile
993 3163 1126 3268 vertis,

196 3333 245 3414 In
263 3327 397 3412 melius
415 3327 479 3410 sed
498 3327 619 3412 fleciis
635 3301 753 3438 uuus:
784 3357 911 3440 neque
928 3330 1031 3414 enim
1051 3329 1114 3412 illa
1130 3331 1306 3426 voluntat

196 3495 301 3579 Tum
318 3495 482 3604 primum
501 3495 619 3593 subin
646 3525 669 3579 a
688 3497 811 3604 prima
829 3495 895 3579 sed
912 3496 1064 3609 origine
1084 3523 1210 3582 rerum

198 3659 260 3744 Sic
277 3661 392 3746 sinum
410 3663 532 3746 stabnt
551 3664 687 3767 menti,
709 3663 990 3773 immotumque
1008 3663 1178 3748 sedebat.
1311 3698 1366 3766 ψ

198 3829 304 3914 Nam
324 3831 441 3916 ueluti
457 3830 582 3916 varius
601 3830 641 3912 in
660 3827 761 3910 serta
779 3829 949 3912 recentia
965 3829 1080 3914 flores

189 3961 372 4107 ¹Jungere
388 4023 462 4080 nos
475 3998 597 4110 juvat,
625 4009 664 4080 ὅ(
681 3995 802 4106 longo
818 4017 1029 4082 contexere
1050 3998 1191 4103 trasiu,

201 4165 331 4274 Atque
349 4167 403 4250 ita
421 4163 619 4254 consertos
636 4164 778 4250 Divum
798 4161 1028 4272 suspendere
1048 4165 1222 4275 templis:

1248 4335 1373 4416 AEter·
