3180 5184
282 255 335 320 26
483 237 669 316 Manet
709 235 1044 317 Htraourmr
1083 235 1228 320 Vrun
1316 217 1323 224 ’

277 463 331 540 Es
349 451 444 538 mihi
462 476 537 562 pro
553 445 667 532 rebus
680 448 824 556 cupido
840 448 929 532 satis
947 447 1126 534 omnibus
1139 479 1248 539 unus.

277 619 488 733 Egredere,
515 633 675 727 optatos
693 611 827 728 fiulgur
843 616 946 700 velut
963 640 1078 699 exere
1095 615 1234 726 vultus,

277 793 330 870 Et
349 783 609 898 ferrugineum
624 780 798 894 caliginis
816 777 925 866 aufer
939 781 1138 887 umidum,
1395 789 1458 880 5⁶6

277 951 445 1036 Lumine
462 953 528 1037 Sol
543 948 673 1035 oriens
688 948 791 1062 rigat
809 968 853 1034 ut
868 949 962 1032 coeli
978 975 1069 1034 arva
1086 951 1247 1035 recenti.

277 1121 318 1202 Si
337 1144 445 1225 vero,
464 1147 552 1204 cum
567 1115 613 1201 fis
628 1114 758 1228 panim
778 1117 928 1230 ingens,
956 1133 1063 1198 totus
1082 1115 1239 1228 ubique,

278 1283 442 1396 Respuis
459 1306 640 1368 externos
658 1281 735 1368 fine
753 1307 919 1392 corpore
937 1281 1091 1392 spiritus
1106 1279 1270 1393 haustus,

277 1457 410 1564 Atque
424 1451 491 1562 ipii
507 1477 598 1535 vere
617 1453 768 1560 penitus
784 1450 855 1534 tibi
870 1449 1037 1532 cerneris
1055 1451 1134 1554 dni,

277 1619 401 1732 Qud
418 1617 693 1704 nihilomnino
710 1643 790 1727 prae
808 1635 850 1698 te
868 1615 914 1700 fit
932 1615 1108 1726 corporis
1126 1615 1252 1726 endis,
1393 1631 1448 1713 3⁶5

276 1786 448 1908 Qodve
465 1786 554 1870 loco
566 1785 682 1869 certis
701 1811 782 1866 non
802 1779 888 1865 infit
904 1781 1077 1892 partibus
1094 1783 1214 1893 orbis,

277 1953 422 2036 Saltem
442 1978 559 2063 parva
575 1969 650 2033 tuae
666 1950 759 2034 lucis
777 1947 938 2034 scintilla
953 1949 1114 2034 corusco
1275 1985 1280 1992 ·

275 2117 430 2204 Emicet
445 2121 551 2233 igne,
574 2144 777 2230 meamque
794 2115 948 2201 serenus
966 2115 1111 2202 discute
1129 2121 1298 2206 noctem.

276 2285 450 2368 Cernere
468 2285 495 2370 fi
512 2313 682 2399 nequeo,
709 2304 832 2369 temet
851 2283 896 2368 fis
914 2306 1080 2398 quantus
1098 2284 1254 2398 inipso,

274 2451 398 2562 Qiod
416 2451 583 2558 dabitur,
610 2451 718 2537 fimul
736 2452 872 2556 orbem
891 2453 967 2537 acri
987 2453 1202 2540 lustraveris
1220 2453 1322 2568 igni:
1389 2488 1445 2548 57·

274 2621 331 2702 At
347 2619 496 2725 saltem,
522 2621 589 2732 qui
609 2619 654 2705 fis
670 2622 712 2704 in
728 2620 854 2727 rebus,
877 2639 1043 2733 quantus
1060 2618 1231 2705 abundes

273 2790 322 2868 In
340 2787 467 2890 nobis,
492 2787 731 2896 quantusque
746 2786 883 2868 animis
900 2785 1118 2868 coelestibus
1134 2786 1236 2895 iniis,

274 2950 484 3059 Aspiciam,
506 2947 683 3059 dulcique
699 2970 771 3031 tuo
785 2944 889 3032 fruar
908 2953 1056 3036 eminus
1075 2978 1157 3036 ore.

271 3115 450 3197 Tantum
466 3113 493 3198 st
512 3114 607 3198 mihi
624 3142 704 3198 non
720 3115 854 3229 pigeat
877 3137 918 3200 te
936 3117 1156 3228 ostendere,
1175 3119 1328 3232 qualem

273 3279 459 3364 Affulfiffe
477 3275 608 3366 ferunt
623 3284 749 3367 uacuis
765 3284 806 3368 in
824 3284 979 3369 saltibus
996 3283 1092 3369 olim
1388 3319 1442 3380 m

272 3447 418 3530 Pastori
436 3444 606 3556 Isacidae,
631 3449 753 3534 soceri
772 3447 864 3536 dum
880 3449 1055 3562 pasceret
1075 3479 1195 3563 agnas

272 3609 503 3697 Collucente¹
523 3617 635 3722 rubo,
662 3613 900 3728 flammisque
916 3616 1077 3702 ardente
1096 3617 1276 3724 coruscis,

271 3783 373 3866 Cum
391 3804 524 3866 tamen
539 3779 657 3866 illeso
674 3781 834 3866 frondes
850 3810 939 3868 cum
959 3785 1076 3894 stirpe
1094 3783 1278 3890 virerent,

270 3953 351 4032 Aut
364 3947 478 4060 quale
496 3947 651 4032 effusum
667 3975 738 4058 per
753 3975 874 4034 cornu
893 3947 1003 4034 rafile
1020 3948 1156 4035 traniit

269 4117 436 4221 Lumen,
457 4111 672 4202 &inclusus
690 4115 914 4229 transpettu
932 4115 1103 4206 cernitur
1120 4117 1235 4234 ignis,
1386 4134 1445 4206 5⁸0

1306 4282 1445 4400 Qu.
