3180 5184
349 218 533 298 Hrrrtur
572 231 630 292 uu
668 209 838 294 Ruuue
863 207 1105 294 Drvrnrs.
1251 209 1306 314 '4⁹

154 433 257 535 Lilia,
283 429 539 544 narciffosque
556 437 597 512 &
612 451 824 538 purpureos
838 423 1086 529 hyacinthos:

154 599 286 682 'ferite
303 595 488 681 odoratas
504 595 611 681 vario
625 593 675 677 de
693 592 790 679 flore
804 619 983 702 coronas,

153 769 276 876 Atque
293 759 528 848 salutiferum
547 761 656 846 sertis
672 758 858 844 innestite
869 786 1004 846 cornu,

217 933 280 1016 Tu
295 929 426 1014 noster
442 928 656 1043 quadrupes
673 926 826 1012 coeliti!
852 925 917 1012 lux
933 929 1034 1014 clara
1049 929 1187 1039 sereni,

152 1099 299 1182 vertice
315 1098 366 1180 ab
380 1095 552 1180 ethereo
568 1113 612 1178 tu
628 1094 769 1182 nostrae
785 1091 898 1180 causa
913 1093 1041 1182 salutis
1255 1127 1307 1191 ης

151 1265 266 1347 Certa
276 1263 400 1369 venis,
414 1243 558 1374 tuaque
574 1289 692 1368 omne
709 1261 830 1376 abigit
843 1261 1045 1372 praesentia
1062 1268 1177 1360 virus·

153 1433 253 1514 Grex
268 1431 454 1514 lectarum
473 1428 603 1514 ovium
619 1429 720 1512 caefis
736 1427 952 1516 custodibus
968 1429 1051 1515 ibat

151 1597 285 1682 Omnis
300 1595 479 1680 Idumaeis
493 1594 623 1706 prffim
641 1593 829 1704 dispersus
845 1594 889 1680 in
904 1597 1022 1684 arvis:
1142 1703 1143 1711 Ν

149 1769 191 1846 In
208 1791 323 1875 pecus
339 1789 457 1848 omne
473 1763 567 1848 ferae
584 1760 738 1874 graffari
755 1763 928 1875 impune,
954 1761 1173 1854 fremebant

147 1931 219 2016 Hic
235 1930 317 2016 illic
330 1929 476 2016 miserie
492 1925 680 2012 balatibus
695 1927 826 2012 omnia
841 1929 996 2016 circum.
1255 1957 1310 2016 aro

148 2097 273 2181 Pastor
289 2097 339 2182 ab
357 2094 518 2184 adverb
535 2093 703 2178 Carmeli
723 2094 867 2182 vertice
884 2099 1012 2184 miffur

149 2261 291 2350 Venisti
307 2284 350 2348 tu
368 2289 509 2376 cogere
523 2286 630 2369 oves,
654 2259 859 2372 oviumque
872 2263 1020 2354 mederi
1164 2381 1166 2386 Ι

149 2431 373 2520 Vulneribus
388 2430 487 2539 pius,
511 2427 797 2540 ingluviemque
814 2427 990 2514 inhibere
1005 2431 1206 2542 luporum

148 2559 273 2684 Unius
288 2616 333 2680 ut
349 2593 508 2679 tandem
521 2593 653 2706 pastor
665 2588 771 2676 foret
783 2621 881 2678 unus
895 2593 1021 2681 ovilis.

216 2762 374 2848 Currite
390 2760 569 2845 Idumaeae
583 2785 668 2864 vos,
693 2755 770 2844 huc
786 2780 993 2871 properate
1007 2765 1172 2874 puellae;
1254 2791 1306 2864 ers

145 2932 263 3026 vifite
279 2929 467 3042 pastorem
484 2953 678 3036 nunquam
693 2945 786 3010 ante
802 2923 885 3012 hec
899 2923 1023 3014 secula
1038 2933 1180 3020 visum:

144 3099 307 3184 Cernite
323 3116 367 3182 ut
382 3091 522 3180 inceffu
537 3091 676 3204 gravis,
701 3115 746 3176 ut
760 3093 976 3202 spetlabilis
991 3125 1064 3184 ure

141 3266 330 3382 Egregio,
351 3262 552 3372 formaque
570 3259 671 3342 viros
689 3259 943 3372 supereminet
951 3291 1106 3372 omnes,

143 3433 299 3518 Cuuffl
311 3432 404 3513 Deo
418 3425 559 3530 familis,
577 3425 737 3534 vultunt,
756 3453 968 3540 vocemque
981 3431 1241 3548 coloremque,

142 3597 260 3686 Haud
273 3595 420 3708 spirans
434 3590 618 3678 mortale!
646 3592 723 3676 Dei
737 3555 927 3704 quanium
944 3594 1062 3680 instar
1075 3600 1116 3684 in
1133 3600 1221 3685 inor
1249 3633 1306 3696 ιςο

143 3765 315 3852 sternite
329 3760 489 3845 humum
506 3757 691 3863 venient-i,
713 3769 753 3846 δι
769 3758 919 3844 olentia
933 3761 1098 3874 spargite
1115 3765 1255 3878 ubique

142 3931 408 4042 Gramiuaque
425 3937 465 4014 δι
483 3923 612 4033 flores,
636 3924 868 4038 calathisque
881 3929 1071 4013 occurrite
1085 3929 1225 4040 plenis,

28 4091 29 4102 '
140 4103 193 4182 Et
210 4097 340 4210 patrio
359 4094 408 4178 de
427 4119 536 4178 more
554 4119 697 4180 novum
715 4091 805 4177 date
819 4111 978 4206 gutture
992 4119 1160 4181 carmen.
