3168 5190
378 323 569 406 Huuur
608 343 668 402 nu
706 321 875 402 Rarus
913 321 1148 409 Drvrurs.
1274 357 1351 426 227

167 539 325 626 Omnia
339 539 447 652 quod
464 541 591 625 vidior
607 537 784 649 superasti
800 537 908 649 dura,
934 539 1126 624 virentem

245 709 359 790 Dant
376 707 554 792 manibus
572 707 752 816 palmam,
779 735 857 818 qua
871 709 974 821 regis
992 706 1091 792 altus
1107 709 1193 792 iter.
1316 755 1354 798 10

173 873 299 992 Qud
319 877 438 986 potis,
461 904 521 960 ars
541 874 612 959 tibi
628 873 710 980 dat,
737 895 904 986 nequeat
920 901 1007 968 cum
1026 877 1175 988 fingere
1192 903 1302 964 vera:

247 1042 394 1153 Accipe
412 1045 550 1128 cundia
565 1041 675 1127 bono
693 1059 735 1130 tu
755 1041 881 1137 bouus
898 1039 968 1136 ista
986 1042 1131 1140 auimo.

81 1373 86 1378 ’
177 1331 535 1502 DIVO
616 1313 1351 1506 SsLVESTRO

456 1619 771 1746 pour.
831 1616 1071 1746 er.
1149 1669 1151 1676 ψ

396 1879 474 1960 RB
485 1881 539 1960 IS
560 1873 737 1960 sacerdos
753 1875 919 1960 maxime
933 1880 1114 1964 Romuiae

181 1895 391 2261 U
491 2050 669 2135 silvester
685 2050 779 2133 olim
797 2079 883 2138 cum
901 2051 1056 2167 fugeres
1072 2081 1183 2167 opes,

420 2221 582 2308 Causam
600 2222 802 2333 malorum,
826 2229 1026 2316 viuitabas

253 2389 366 2481 Urbe
384 2391 517 2500 procul
534 2377 690 2500 latitane
708 2392 885 2502 superba,

178 2558 348 2640 Sorastis
364 2579 481 2640 antro
499 2555 575 2642 five
593 2558 660 2650 sub
678 2556 852 2667 horrido,

252 2729 328 2806 Seu
343 2721 568 2816 Tusculana
587 2726 690 2835 rupis
708 2726 749 2808 in
768 2728 925 2838 angulo,

250 2890 332 2974 Ubi
352 2908 421 2971 tuo
438 2887 514 2986 hoc
536 2911 644 2975 extat
661 2889 831 2976 dicatum

250 3053 425 3137 Nomine
441 3081 542 3138 nunc
558 3054 676 3137 etiam
693 3055 885 3140 sacellum.

177 3219 263 3304 Ubi
283 3220 426 3302 morari
443 3247 507 3302 me
525 3247 681 3330 quoque
701 3251 802 3309 nunc
814 3223 921 3336 juvat

249 3386 369 3498 Regis
383 3407 588 3471 canentem
606 3391 809 3475 coelituum
828 3391 959 3501 aspera¹
1003 3442 1012 3467 ·
1316 3427 1355 3474 ιο

252 3552 406 3662 Majore
425 3553 574 3662 pleckro
592 3553 837 3665 personanda

249 3723 415 3826 Funera,
433 3719 663 3836 carminibus
681 3721 843 3806 latinis.

179 3882 258 3970 Hic
275 3903 317 3969 tu
331 3886 446 3972 beata
462 3889 644 3998 pauperie
660 3909 818 3999 potens,

250 4057 450 4166 Parvaque
469 4055 579 4160 latua
595 4055 790 4140 coelitibus
809 4083 942 4167 parem

254 4219 386 4305 Vitam
405 4221 613 4321 actitabam
643 4249 724 4306 non
742 4223 815 4307 tibi
833 4251 980 4332 aurum,
996 4247 1064 4310 aut
1321 4259 1354 4320 ις

252 4395 438 4496 Purpura,
463 4415 546 4474 non
562 4389 732 4500 triplices
751 4415 912 4476 corouae

929 4495 1007 4596 Εἰ
1022 4532 1045 4582 2
1240 4501 1362 4586 Genu·
