3168 5190
278 293 359 384 236
479 281 672 358 Mnnct
711 277 1044 358 Htunouurut
1085 277 1244 362 Vton

274 495 343 578 Da
359 493 501 578 deinde
517 469 694 578 auxilium
712 510 844 601 pater:
866 503 938 574 en!
965 519 1070 576 nunc
1085 493 1211 602 aspice
1226 497 1381 606 quantis

275 661 447 774 Degitut
461 659 537 744 boc
552 659 622 744 aeui
639 656 881 764 intenebris,
904 658 1071 770 uitaeque
1089 661 1258 770 periclis,

275 829 338 912 Ut
356 855 457 912 curae
471 825 601 910 nostra
612 824 763 908 affiduae
781 825 993 933 precordia
1011 843 1188 938 carpant,

275 996 414 1106 thue
429 996 512 1078 auti
526 990 742 1078 malesuada
758 989 894 1096 fames,
915 1001 956 1076 δε
974 990 1077 1076 ditus
1092 991 1262 1078 habendi

276 1163 411 1248 Ducat
427 1187 537 1246 amor
551 1183 700 1268 captos,
721 1185 823 1241 verae
841 1171 881 1244 &
899 1149 1062 1242 rationis
1080 1181 1254 1271 egentes.

274 1329 393 1438 Eripe
411 1355 483 1411 nos
502 1326 573 1430 his,
599 1327 742 1431 sanstc,
764 1327 892 1410 malis:
917 1323 963 1407 sit
979 1325 1105 1408 nescia
1123 1328 1202 1411 vita

276 1493 497 1604 Culpaeque,
519 1491 750 1602 fraudisque,
773 1501 814 1574 &
830 1490 983 1600 prorsus
1000 1492 1169 1574 criminis
1185 1519 1334 1603 expers.

276 1659 412 1746 Suffice
429 1659 568 1745 dehinc
585 1659 722 1742 animis
740 1658 878 1742 visum:
897 1656 948 1740 da
964 1657 1103 1740 tollere
1119 1681 1271 1745 mentes
1386 1693 1431 1750 130

275 1823 339 1914 Ad
356 1827 513 1911 coeleste
528 1825 653 1938 jubar,
676 1821 906 1935 fontemque
926 1824 976 1908 ad
994 1825 1101 1930 lucis,
1118 1847 1161 1910 ut
1180 1848 1286 1914 attus

274 1997 498 2080 Exuerimus
513 1993 576 2077 ubi
596 1989 861 2098 moribundos,
882 1995 1049 2074 Tartara
1066 1994 1197 2080 sontes

274 2161 400 2272 Impia
419 2188 499 2244 non
514 2160 721 2263 subeamus,
748 2167 789 2242 δι
807 2157 1001 2240 illaetabise
1015 2183 1190 2269 regnum.

273 2333 365 2416 Hoc
381 2327 570 2439 precibus,
591 2342 717 2436 patet,
742 2321 818 2408 hoc
837 2323 1014 2434 prohibe,
1039 2351 1111 2434 per
1126 2324 1226 2438 srqua
1244 2323 1407 2437 parentis

273 2495 480 2607 Longaevae
498 2491 554 2576 est
571 2496 708 2603 pietas,
728 2515 815 2601 quae
832 2511 873 2572 te
893 2491 1269 2603 terraquemarique
1382 2523 1426 2588 ¹³5

274 2659 365 2744 Sola
380 2687 474 2744 anus
491 2657 578 2745 ausa
596 2657 702 2769 sequi
719 2682 790 2768 per
808 2656 911 2740 mille
928 2659 1095 2766 pericula
1113 2659 1325 2770 quondam,
1476 2668 1481 2688 ·

271 2825 432 2912 Finibus
451 2827 604 2912 exceffit
622 2825 787 2931 Libycis,
806 2823 1006 2935 patriaque
1024 2827 1157 2909 relicta

271 2992 435 3076 Lictoris
451 2993 611 3076 Ausonii
634 2993 788 3103 ignotas
805 2990 1025 3100 penetravit
1041 2990 1091 3073 ad
1105 3020 1209 3098 oras,

270 3154 491 3272 Nostraque
507 3187 608 3242 nunc
626 3159 743 3241 ctiam
761 3158 870 3241 tellus
885 3157 1156 3266 complectitur
1173 3159 1254 3243 offa

268 3323 387 3432 lilius,
409 3335 450 3412 δι
467 3327 641 3438 proprias
658 3323 769 3410 Divae
788 3308 1013 3428 sacravimus
1030 3351 1127 3436 aras,
