3160 5198
209 319 287 390 116
429 307 615 384 Mrncr
648 303 980 385 Hrunouunrr
1017 305 1159 390 Vrnu

205 519 361 604 Cetera
374 545 461 602 curn
475 516 659 601 madeant
675 517 854 629 gravibus
871 517 1014 604 circum
1030 517 1189 603 humida
1205 519 1367 605 nimbis.

277 687 343 770 Tu
361 705 477 796 porta
493 679 618 768 clausa
635 703 836 790 aeternum,
863 684 1040 793 superum
1057 683 1138 793 ipse
1157 713 1227 796 per
1244 689 1350 772 illam

205 852 432 964 Ingreditur
447 853 592 956 rector,
618 876 691 932 nec
709 849 866 934 claustra
882 851 1049 933 immota
1063 850 1241 965 resrgnat.

206 1019 273 1102 Tu
292 1018 406 1104 rubus
423 1019 487 1102 ille
504 1017 625 1103 oculis
643 1015 800 1100 flamma
815 1015 1035 1128 crepitante
1049 1020 1211 1103 cremari

206 1187 332 1292 Visus,
358 1209 401 1270 at
416 1187 538 1270 illaesae
557 1184 730 1268 mansere
745 1183 788 1267 in
806 1183 934 1293 stipite
948 1179 1119 1268 frondes.

206 1354 314 1440 Hinc
328 1355 447 1438 etiam
465 1352 592 1465 pueris
610 1350 737 1435 media
753 1351 794 1433 in
810 1349 970 1434 fornace
989 1353 1163 1460 pepercit

207 1521 330 1632 Ignis,
355 1533 395 1606 ὅτ
408 1519 587 1606 innocuae
604 1517 827 1604 lambebant
846 1543 1014 1628 corpora
1028 1517 1210 1602 flammae:

207 1691 304 1770 Haec
322 1707 362 1770 te
382 1687 553 1771 monstra
571 1705 710 1795 petunt
725 1712 856 1789 unam,
873 1684 956 1768 haec
972 1683 1153 1770 miracula
1168 1705 1354 1798 tangunt.

207 1853 398 1938 Promiffis
413 1879 486 1937 nec
505 1854 586 1938 sera
600 1853 715 1938 fides:
745 1851 854 1936 limul
873 1865 983 1937 ecce!
1003 1873 1166 1962 repente

208 2017 311 2102 Cum
330 2021 482 2103 tonitru
498 2021 668 2104 medium
684 2020 801 2103 veluti
819 2018 1015 2104 discedere
1029 2020 1174 2104 coelum
1341 2045 1384 2114 ες

208 2184 359 2291 Vidisti,
386 2188 496 2273 fimul
512 2190 706 2272 auricoma
724 2185 949 2272 circundata
965 2185 1068 2294 nube

208 2352 361 2438 Sensrsti
382 2355 547 2466 praesens
565 2359 606 2440 in
624 2375 664 2439 te
682 2352 913 2439 descendere
931 2381 1090 2458 numen,

207 2519 387 2633 Desuper
402 2526 568 2608 afflatam
585 2525 721 2606 leviter
736 2519 968 2632 spirantibus
987 2520 1100 2603 auris.

209 2687 311 2798 Qis
328 2691 399 2774 tibi
418 2710 510 2776 tunc
528 2689 678 2775 sensus?
703 2690 771 2802 qui
787 2687 899 2800 virgo
917 2688 956 2772 in
977 2687 1137 2797 pectore
1153 2692 1310 2768 motus?

209 2853 342 2940 Credo
360 2859 554 2968 equidem,
577 2859 647 2940 tibi
664 2885 732 2941 cor
749 2854 848 2939 dulci
865 2853 1053 2966 flagrabat
1073 2878 1219 2960 amore,
1340 2893 1385 2948 70

207 3023 261 3104 Et
276 3024 430 3130 penitus
445 3027 539 3108 totis
557 3023 717 3106 ardebas
737 3022 847 3104 suaue
864 3021 1050 3104 medullis.

279 3189 385 3272 Turn
404 3217 559 3302 quoque
578 3189 713 3272 laetitia
730 3217 774 3274 ac
792 3189 890 3272 mina
908 3186 1112 3272 dulcedine
1131 3189 1264 3297 peetus

206 3353 415 3439 Delicuiffe
429 3383 532 3462 reor,
558 3355 629 3438 tibi
643 3385 728 3440 cum
748 3376 935 3440 montana
951 3355 1103 3464 petenti

183 3643 187 3652 Ι
207 3525 318 3604 Laeta
335 3527 504 3609 occurrit
521 3552 615 3609 anus
632 3545 805 3637 cognato
826 3549 848 3604 a
866 3520 1051 3635 sanguine
1067 3523 1213 3637 juncta,

207 3691 338 3800 Atque
355 3713 468 3776 utero
486 3693 682 3776 exultante
701 3713 785 3774 tuos
803 3687 995 3799 praesensrt
1013 3689 1203 3788 honores3
1338 3725 1376 3782 rr

206 3855 452 3970 Felicemque
469 3861 570 3942 uteri
587 3881 626 3942 te
642 3881 778 3968 terque
795 3877 1007 3968 quaterque
1025 3857 1189 3942 vocavit.

205 4023 272 4107 Tu
292 4053 400 4132 vero,
422 4027 545 4110 teneri
564 4025 686 4137 qualis
705 4025 788 4108 rosa
808 4025 921 4133 plena
940 4022 1110 4132 pudoris,

207 4195 292 4277 Ore
309 4193 447 4279 rubens
465 4195 570 4284 coelo
588 4195 779 4280 referebas
798 4191 967 4276 carmine
985 4211 1130 4324 grates,

1296 4359 1379 4442 Te·
