3180 5184
383 279 567 360 Huuur
606 299 667 358 uu
703 273 869 362 Runus
905 277 1144 363 Drvrurs.
1179 281 1182 286 '
1297 309 1347 385 43

153 490 329 578 Tantus
341 491 476 606 adegit
491 515 616 597 amor,
641 491 735 576 coeli
752 515 795 578 ut
809 495 859 581 de
878 497 1021 582 lumine
1040 481 1145 580 eluro

155 659 233 744 Te
253 659 394 748 nostris
411 657 529 745 velles
545 657 650 742 ultro
667 658 879 745 immiscere
895 663 1081 768 tenebris,
1150 677 1154 684 '

155 826 278 910 Cum
291 825 339 911 fis
353 826 492 910 aeterni
505 822 634 936 proles
652 845 799 910 aetema
813 833 998 938 parentis,
1184 845 1189 854 '
1307 853 1343 927 ῖς

154 993 397 1080 Luciferum
412 1011 504 1078 ante
519 992 621 1074 satus
635 989 813 1076 roseum?
840 1006 882 1078 tu
899 993 1057 1081 Lucifer
1073 997 1168 1109 ipse,
1333 1029 1339 1050 ²

158 1159 403 1276 Caeteraque
423 1161 522 1245 astra
537 1177 610 1242 tno
623 1176 667 1242 tu
681 1158 826 1244 lumine
844 1163 983 1248 consta
1001 1161 1167 1271 serenas,

160 1327 256 1442 Qi
270 1327 381 1442 gigni
399 1351 525 1440 neque
541 1324 709 1436 ooepisti,
729 1353 854 1440 neque
869 1327 1006 1416 definis
1022 1359 1206 1444 unquam,

158 1494 365 1604 Principio
382 1494 534 1604 semper
556 1493 725 1606 genitos,
751 1493 968 1610 gignendus
986 1507 1027 1582 δι
1044 1500 1179 1611 usque,
1253 1515 1260 1527 '

162 1659 403 1772 Principium
418 1662 469 1747 de
488 1660 696 1772 principio,
720 1658 900 1746 desorto
914 1663 1043 1746 oriens
1058 1663 1159 1748 sons.
1298 1707 1339 1760 40

164 1825 235 1910 Tu
250 1829 331 1936 Sol,
358 1849 476 1943 atque
490 1827 593 1912 idem
610 1826 792 1938 splendor
808 1827 858 1913 de
876 1831 966 1914 Sole
981 1828 1190 1943 refulgens,

166 1993 378 2104 Splendor,
401 1997 466 2109 qni
484 1993 617 2086 Solem
633 1995 792 2085 illustras
809 1995 1073 2110 splendoribus
1090 1998 1227 2108 ipsum,

167 2163 253 2246 Lux
266 2161 317 2246 de
332 2159 417 2246 luc'e
431 2164 589 2270 micam,
606 2165 751 2252 clarum
764 2164 816 2249 de
833 2165 976 2248 lumine
992 2164 1136 2248 lumen.
1177 2185 1179 2190 ·

166 2325 235 2411 Sol
251 2330 380 2416 omnis
396 2327 665 2443 fonsjustitiae,
691 2329 848 2440 pietatis
864 2329 1001 2442 origo,
1168 2393 1173 2398 -
1327 2363 1329 2368 ·

163 2493 371 2603 Splendor,
396 2498 462 2610 qni
480 2516 607 2582 totum
626 2497 786 2583 ilustrus
804 2495 1066 2606 splendoribus
1081 2499 1231 2582 orbem.
1293 2529 1334 2590 rr·
1362 2590 1369 2617 .‹

234 2663 301 2746 Tu
317 2663 484 2748 mortale
501 2649 843 2776 hominurll‘genus
857 2661 937 2770 ipsa
955 2663 1004 2744 ab
1022 2663 1173 2822 origine
1189 2690 1326 2748 rerum-

161 2827 299 2918 vidisti
317 2857 425 2916 curas
438 2830 613 2938 humiles,
640 2843 682 2916 &
700 2855 799 2916 vana
817 2825 954 2912 fovere

161 2995 346 3102 Consilia,
368 3025 569 3088 recurvum
589 2999 715 3104 terris,
735 2995 949 3081 coelestium
967 2994 1093 3082 inane.

159 3167 249 3248 Huc
263 3162 355 3247 ideo
369 3165 503 3248 accesti
520 3164 756 3250 moribundo
771 3189 935 3272 corpore
955 3164 1084 3275 septus

159 3329 224 3412 Te
240 3329 410 3438 medium
428 3329 523 3414 dans
541 3331 644 3415 inter
662 3358 748 3436 nos,
776 3329 955 3441 interque
972 3353 1195 3441 parentem:
1290 3374 1327 3430 50

158 3501 220 3580 Ut
238 3522 311 3580 nos
328 3496 506 3582 erudiens
524 3523 721 3609 nunquam
739 3517 832 3578 ante
849 3496 979 3580 audita
998 3527 1177 3582 moneres

159 3661 321 3747 Arcanis
338 3661 519 3776 inscripta
535 3665 641 3748 notis
660 3663 699 3746 in
717 3662 852 3747 codice
870 3663 1010 3770 clausi),

157 3829 289 3941 Qem
307 3826 455 3939 septem
471 3829 718 3916 custodibant
732 3829 976 3914 adamantina
993 3829 1110 3945 figna.

156 3997 233 4081 Hic
246 4015 421 4081 veterum
439 4025 570 4082 coram
588 3995 768 4082 evolvens
784 3999 937 4082 oracula
949 4019 1078 4082 uatum

153 4161 334 4248 Lustrasti
353 4190 426 4248 nor
440 4165 523 4249 luce
544 4191 660 4271 nova,
682 4186 726 4250 ut
743 4188 926 4253 concreta
944 4165 1135 4270 videntes,
1287 4197 1321 4252 55

930 4339 963 4418 F
984 4361 1007 4414 2
1254 4331 1325 4407 At·
