3180 5184
290 263 336 358 58
488 259 674 338 Mirer
714 255 1051 336 Hreeouuurr
1090 259 1237 342 Vrnn

349 471 515 556 Rursum
528 426 652 580 'igitur
670 437 786 552 solito
805 435 951 578 pariter
966 468 1136 554 sublimis
1154 469 1307 558 honore
1410 507 1481 571 37⁰

286 639 459 750 Regnas,
486 636 642 720 humaui
657 659 737 745 prae
750 651 792 716 te
809 631 886 717 ferr
899 635 1073 747 'corporis
1091 651 1198 724 artur

285 803 473 912 Amplius,
496 801 641 884 intadta
659 825 756 912 quoa
775 791 891 883 marti
908 827 933 885 e
955 801 1105 915 virgine
1121 799 1281 889 nascens

283 968 401 1052 Filius
417 968 668 1076 omnipotens
684 965 802 1076 patris
819 966 1117 1076 omnipotentis,
1143 979 1184 1054 ὅτ
1200 967 1332 1054 haeres.

283 1135 360 1219 Sed
379 1133 586 1248 quoderat
603 1132 771 1216 mortale
787 1131 896 1238 olim,
923 1143 965 1216 &
982 1131 1162 1218 violabile
1176 1160 1331 1244 corpus,

281 1303 400 1386 Nunc
417 1301 586 1384 immune
602 1299 706 1384 necis
723 1298 847 1380 stellas
863 1297 976 1407 super
995 1299 1135 1384 emicat
1151 1323 1304 1406 omnes,
1396 1335 1464 1404 m

281 1467 589 1580 Praesulgensque
605 1493 709 1552 novo
727 1464 869 1575 premit
886 1463 1009 1574 ipsum
1027 1465 1171 1550 lumine
1188 1467 1332 1552 Solem.

282 1635 458 1746 Qaeque
478 1653 567 1718 tuos
585 1635 712 1716 anima
730 1629 879 1716 acceffit
895 1629 1077 1716 divinitus
1095 1654 1214 1737 artus,

281 1801 457 1886 Formari
478 1801 667 1910 inciperes
682 1797 822 1882 sande
838 1825 926 1881 cum
946 1796 1080 1882 matris
1095 1798 1136 1882 in
1153 1799 1257 1908 alvo,

281 1967 464 2052 Numinis
483 1965 640 2050 insolito
656 1985 784 2051 tecum
800 1963 982 2076 dignatur
1001 1963 1168 2069 honore,

279 2131 503 2246 Felicesque
521 2133 667 2217 animas
682 2131 799 2244 longe
814 2129 1074 2242 supereminet
1092 2155 1243 2238 ornnes,
1391 2155 1454 2232 3⁸·

277 2301 429 2386 Tecum
447 2327 525 2384 una
541 2297 744 2408 imperium
761 2299 855 2384 coeli
870 2298 1153 2408 omnipotentis
1172 2297 1326 2412 adepta.

278 2469 461 2580 Namque
477 2465 563 2570 tibi,
584 2492 820 2577 quecunque
834 2465 990 2574 usquam
1005 2467 1110 2575 potis
1127 2467 1217 2572 esse,
1242 2467 1414 2578 potestat

277 2633 420 2716 Omnis
435 2633 577 2742 ubique
596 2630 688 2717 data
705 2631 761 2714 est
776 2633 897 2738 coeio,
923 2650 1103 2744 terraque
1120 2632 1306 2746 marique,

277 2800 426 2882 Omnia
445 2819 488 2881 ut
506 2821 650 2882 aeterna
664 2795 815 2880 ditione
834 2797 873 2880 in
892 2797 1018 2883 secula
1036 2797 1175 2884 frenes.

276 2965 437 3072 Insuper
449 2961 587 3072 insigni
603 2987 646 3044 es
663 2961 851 3074 genitoris
870 2991 1030 3049 munere
1048 2964 1212 3078 adeptus
1385 2997 1444 3074 3¹5

274 3129 501 3214 Praeclarum
517 3138 559 3211 &
573 3124 685 3208 dietis
703 3153 785 3210 nou
800 3128 1014 3214 enarrabile
1032 3159 1191 3242 nornen,

274 3294 493 3396 insolitum,
516 3292 694 3377 ereetum
709 3289 825 3404 super
837 3296 1143 3384 omnianomina
1161 3327 1320 3413 nomeu,

274 3461 398 3574 Qud
414 3461 558 3546 coelum
577 3459 764 3570 tellusque
782 3480 967 3568 tremunt,
992 3487 1111 3578 atque
1127 3467 1253 3554 infera
1268 3495 1406 3584 regna,

274 3627 577 3740 Suppliciterque
591 3627 657 3711 uni
674 3651 800 3740 genua
814 3651 1066 3717 recurvantur
1081 3633 1235 3748 ubique.

345 3794 455 3880 Idem
473 3796 607 3902 etiam,
626 3793 768 3879 effoeto
784 3819 870 3877 cum
889 3799 1041 3883 venerit
1056 3799 1195 3888 ultima
1208 3802 1358 3889 mundo
1383 3841 1442 3906 ,ρο

270 3963 514 4073 Tempestas,
530 3960 673 4074 rapidis
689 3983 767 4075 qua
778 3957 947 4074 flagrent
963 3965 1096 4054 omnia
1112 3967 1290 4080 flammis,

275 4155 281 4168 '
1325 4143 1437 4226 Mur·
