<?xml version="1.0" encoding="UTF-8"?>
<!DOCTYPE html PUBLIC "-//W3C//DTD XHTML 1.0 Transitional//EN"
    "http://www.w3.org/TR/xhtml1/DTD/xhtml1-transitional.dtd">
<html xmlns="http://www.w3.org/1999/xhtml" xml:lang="en" lang="en">
 <head>
  <title>
</title>
<meta http-equiv="Content-Type" content="text/html;charset=utf-8" />
  <meta name='ocr-system' content='tesseract 3.04.00' />
  <meta name='ocr-capabilities' content='ocr_page ocr_carea ocr_par ocr_line ocrx_word'/>
</head>
<body>
  <div class='ocr_page' id='page_1' title='image "./marcihieronymiv00vidagoog_0096.png"; bbox 0 0 3180 5184; ppageno 0'>
   <div class='ocr_carea' id='block_1_1' title="bbox 13 683 15 900">
    <p class='ocr_par' dir='ltr' id='par_1_1' title="bbox 13 683 15 900">
     <span class='ocr_line' id='line_1_1' title="bbox 13 683 15 746; baseline 0 0"><span class='ocrx_word' id='word_1_1' title='bbox 13 683 15 746; x_wconf 64' lang='lat' dir='ltr'>r</span> 
     </span>
     <span class='ocr_line' id='line_1_2' title="bbox 13 817 15 900; baseline 0 0"><span class='ocrx_word' id='word_1_2' title='bbox 13 817 15 900; x_wconf 57' lang='lat' dir='ltr'>r</span> 
     </span>
    </p>
   </div>
   <div class='ocr_carea' id='block_1_2' title="bbox 13 1057 15 1260">
    <p class='ocr_par' dir='ltr' id='par_1_2' title="bbox 13 1057 15 1260">
     <span class='ocr_line' id='line_1_3' title="bbox 13 1057 15 1134; baseline 0 0"><span class='ocrx_word' id='word_1_3' title='bbox 13 1057 15 1134; x_wconf 58' lang='lat' dir='ltr'><em>V</em></span> 
     </span>
     <span class='ocr_line' id='line_1_4' title="bbox 13 1201 15 1260; baseline 0 0"><span class='ocrx_word' id='word_1_4' title='bbox 13 1201 15 1260; x_wconf 70' lang='grc' dir='ltr'><em>ν</em></span> 
     </span>
    </p>
   </div>
   <div class='ocr_carea' id='block_1_3' title="bbox 360 229 1325 341">
    <p class='ocr_par' dir='ltr' id='par_1_3' title="bbox 360 229 1325 341">
     <span class='ocr_line' id='line_1_5' title="bbox 360 229 1325 341; baseline 0.007 -19"><span class='ocrx_word' id='word_1_5' title='bbox 360 243 547 322; x_wconf 79' lang='lat' dir='ltr'>Hruur</span> <span class='ocrx_word' id='word_1_6' title='bbox 580 255 641 316; x_wconf 83' lang='lat' dir='ltr'>ur</span> <span class='ocrx_word' id='word_1_7' title='bbox 674 235 844 320; x_wconf 71' lang='lat' dir='ltr'>Rruur</span> <span class='ocrx_word' id='word_1_8' title='bbox 877 229 1119 328; x_wconf 82' lang='lat' dir='ltr'>D1v1urs.</span> <span class='ocrx_word' id='word_1_9' title='bbox 1275 247 1325 341; x_wconf 79' lang='lat'>87</span> 
     </span>
    </p>
   </div>
   <div class='ocr_carea' id='block_1_4' title="bbox 139 443 1327 1070">
    <p class='ocr_par' dir='ltr' id='par_1_4' title="bbox 139 443 1169 568">
     <span class='ocr_line' id='line_1_6' title="bbox 139 443 1169 568; baseline -0.003 -23"><span class='ocrx_word' id='word_1_10' title='bbox 139 461 255 546; x_wconf 88' lang='lat' dir='ltr'>Cum</span> <span class='ocrx_word' id='word_1_11' title='bbox 276 455 345 541; x_wconf 88' lang='lat' dir='ltr'>Sol</span> <span class='ocrx_word' id='word_1_12' title='bbox 358 453 440 567; x_wconf 80' lang='lat' dir='ltr'>ipse</span> <span class='ocrx_word' id='word_1_13' title='bbox 455 473 572 566; x_wconf 73' lang='lat' dir='ltr'>caput</span> <span class='ocrx_word' id='word_1_14' title='bbox 585 443 923 541; x_wconf 77' lang='lat' dir='ltr'>uitidumubditus</span> <span class='ocrx_word' id='word_1_15' title='bbox 939 454 1169 568; x_wconf 85' lang='lat' dir='ltr'>obscurarit,</span> 
     </span>
    </p>

    <p class='ocr_par' dir='ltr' id='par_1_5' title="bbox 142 607 1327 904">
     <span class='ocr_line' id='line_1_7' title="bbox 223 607 1327 710; baseline -0.006 0"><span class='ocrx_word' id='word_1_16' title='bbox 223 631 281 710; x_wconf 85' lang='lat' dir='ltr'>Et</span> <span class='ocrx_word' id='word_1_17' title='bbox 295 624 400 710; x_wconf 83' lang='lat' dir='ltr'>vasto</span> <span class='ocrx_word' id='word_1_18' title='bbox 416 621 554 710; x_wconf 67' lang='lat' dir='ltr'>Tellus</span> <span class='ocrx_word' id='word_1_19' title='bbox 567 621 615 706; x_wconf 81' lang='lat' dir='ltr'>fit</span> <span class='ocrx_word' id='word_1_20' title='bbox 629 607 858 708; x_wconf 65' lang='lat' dir='ltr'>aemesam</span> <span class='ocrx_word' id='word_1_21' title='bbox 874 623 969 709; x_wconf 89' lang='lat' dir='ltr'>finu.</span> <span class='ocrx_word' id='word_1_22' title='bbox 1288 647 1327 704; x_wconf 76' lang='lat' dir='ltr'>ro</span> 
     </span>
     <span class='ocr_line' id='line_1_8' title="bbox 142 781 984 904; baseline -0.001 -27"><span class='ocrx_word' id='word_1_23' title='bbox 142 791 361 877; x_wconf 78' lang='lat' dir='ltr'>Debueras</span> <span class='ocrx_word' id='word_1_24' title='bbox 377 791 447 875; x_wconf 81' lang='lat' dir='ltr'>sol</span> <span class='ocrx_word' id='word_1_25' title='bbox 459 813 609 876; x_wconf 65' lang='lat' dir='ltr'>aternu</span> <span class='ocrx_word' id='word_1_26' title='bbox 623 781 828 904; x_wconf 74' lang='lat' dir='ltr'>ferrugine¹</span> <span class='ocrx_word' id='word_1_27' title='bbox 837 791 984 876; x_wconf 83' lang='lat' dir='ltr'>uoelum</span> 
     </span>
    </p>

    <p class='ocr_par' dir='ltr' id='par_1_6' title="bbox 226 955 1059 1070">
     <span class='ocr_line' id='line_1_9' title="bbox 226 955 1059 1070; baseline -0.001 -26"><span class='ocrx_word' id='word_1_28' title='bbox 226 961 435 1066; x_wconf 85' lang='lat' dir='ltr'>Occulere,</span> <span class='ocrx_word' id='word_1_29' title='bbox 459 970 501 1044; x_wconf 75' lang='grc' dir='ltr'>ὅτ</span> <span class='ocrx_word' id='word_1_30' title='bbox 517 955 767 1070; x_wconf 69' lang='lat' dir='ltr'>territusque</span> <span class='ocrx_word' id='word_1_31' title='bbox 783 957 1059 1070; x_wconf 71' lang='lat' dir='ltr'>negarediem.</span> 
     </span>
    </p>
   </div>
   <div class='ocr_carea' id='block_1_5' title="bbox 13 1128 970 1238">
    <p class='ocr_par' dir='ltr' id='par_1_7' title="bbox 13 1128 970 1238">
     <span class='ocr_line' id='line_1_10' title="bbox 13 1128 970 1238; baseline -0.002 -24"><span class='ocrx_word' id='word_1_32' title='bbox 13 1137 15 1164; x_wconf 86' lang='lat'><strong>¹</strong></span> <span class='ocrx_word' id='word_1_33' title='bbox 145 1128 361 1214; x_wconf 81' lang='lat' dir='ltr'>Debueras</span> <span class='ocrx_word' id='word_1_34' title='bbox 379 1129 514 1212; x_wconf 80' lang='lat' dir='ltr'>Tellus</span> <span class='ocrx_word' id='word_1_35' title='bbox 528 1146 678 1211; x_wconf 70' lang='lat' dir='ltr'>eterno</span> <span class='ocrx_word' id='word_1_36' title='bbox 692 1128 842 1238; x_wconf 79' lang='lat' dir='ltr'>percita</span> <span class='ocrx_word' id='word_1_37' title='bbox 857 1147 970 1212; x_wconf 86' lang='lat' dir='ltr'>motu</span> 
     </span>
    </p>
   </div>
   <div class='ocr_carea' id='block_1_6' title="bbox 229 1288 1121 1408">
    <p class='ocr_par' dir='ltr' id='par_1_8' title="bbox 229 1288 1121 1408">
     <span class='ocr_line' id='line_1_11' title="bbox 229 1288 1121 1408; baseline 0.001 -29"><span class='ocrx_word' id='word_1_38' title='bbox 229 1297 383 1381; x_wconf 69' lang='lat' dir='ltr'>coum</span> <span class='ocrx_word' id='word_1_39' title='bbox 401 1296 573 1381; x_wconf 70' lang='lat' dir='ltr'>humano</span> <span class='ocrx_word' id='word_1_40' title='bbox 587 1293 691 1380; x_wconf 72' lang='lat' dir='ltr'>um</span> <span class='ocrx_word' id='word_1_41' title='bbox 709 1293 810 1378; x_wconf 70' lang='lat' dir='ltr'>utra</span> <span class='ocrx_word' id='word_1_42' title='bbox 827 1288 1004 1381; x_wconf 66' lang='lat' dir='ltr'>adeunda</span> <span class='ocrx_word' id='word_1_43' title='bbox 1018 1297 1121 1408; x_wconf 76' lang='lat' dir='ltr'>peu.</span> 
     </span>
    </p>
   </div>
   <div class='ocr_carea' id='block_1_7' title="bbox 150 1409 1445 1577">
    <p class='ocr_par' dir='ltr' id='par_1_9' title="bbox 150 1409 1445 1577">
     <span class='ocr_line' id='line_1_12' title="bbox 150 1409 1445 1577; baseline -0.003 -27"><span class='ocrx_word' id='word_1_44' title='bbox 150 1468 213 1550; x_wconf 84' lang='lat' dir='ltr'>At</span> <span class='ocrx_word' id='word_1_45' title='bbox 231 1491 300 1550; x_wconf 84' lang='lat' dir='ltr'>vos</span> <span class='ocrx_word' id='word_1_46' title='bbox 315 1459 552 1550; x_wconf 79' lang='lat' dir='ltr'>monstriferi</span> <span class='ocrx_word' id='word_1_47' title='bbox 566 1462 660 1576; x_wconf 80' lang='lat' dir='ltr'>qnid</span> <span class='ocrx_word' id='word_1_48' title='bbox 677 1481 769 1547; x_wconf 89' lang='lat' dir='ltr'>tuuc</span> <span class='ocrx_word' id='word_1_49' title='bbox 786 1462 993 1550; x_wconf 64' lang='lat' dir='ltr'>&amp;barbam</span> <span class='ocrx_word' id='word_1_50' title='bbox 1004 1464 1119 1577; x_wconf 85' lang='lat' dir='ltr'>pomi</span> <span class='ocrx_word' id='word_1_51' title='bbox 1288 1488 1329 1562; x_wconf 69' lang='grc' dir='ltr'>ις</span> <span class='ocrx_word' id='word_1_52' title='bbox 1441 1409 1445 1418; x_wconf 78' lang='lat'><em>-</em></span> 
     </span>
    </p>
   </div>
   <div class='ocr_carea' id='block_1_8' title="bbox 154 1629 1331 3086">
    <p class='ocr_par' dir='ltr' id='par_1_10' title="bbox 154 1629 1331 3086">
     <span class='ocr_line' id='line_1_13' title="bbox 230 1629 994 1746; baseline 0.007 -34"><span class='ocrx_word' id='word_1_53' title='bbox 230 1629 405 1714; x_wconf 79' lang='lat' dir='ltr'>Condita</span> <span class='ocrx_word' id='word_1_54' title='bbox 422 1629 583 1715; x_wconf 71' lang='lat' dir='ltr'>desertis</span> <span class='ocrx_word' id='word_1_55' title='bbox 598 1652 756 1746; x_wconf 67' lang='lat' dir='ltr'>equom</span> <span class='ocrx_word' id='word_1_56' title='bbox 771 1631 994 1718; x_wconf 77' lang='lat' dir='ltr'>littoribus?</span> 
     </span>
     <span class='ocr_line' id='line_1_14' title="bbox 154 1797 1288 1913; baseline 0.004 -33"><span class='ocrx_word' id='word_1_57' title='bbox 154 1797 262 1910; x_wconf 80' lang='lat' dir='ltr'>Qae</span> <span class='ocrx_word' id='word_1_58' title='bbox 278 1823 350 1881; x_wconf 86' lang='lat' dir='ltr'>vos</span> <span class='ocrx_word' id='word_1_59' title='bbox 368 1825 455 1909; x_wconf 86' lang='lat' dir='ltr'>quae</span> <span class='ocrx_word' id='word_1_60' title='bbox 470 1817 633 1882; x_wconf 83' lang='lat' dir='ltr'>renuere</span> <span class='ocrx_word' id='word_1_61' title='bbox 646 1807 793 1886; x_wconf 74' lang='lat' dir='ltr'>more?</span> <span class='ocrx_word' id='word_1_62' title='bbox 818 1799 955 1913; x_wconf 74' lang='lat' dir='ltr'>quibus</span> <span class='ocrx_word' id='word_1_63' title='bbox 972 1799 1104 1887; x_wconf 73' lang='lat' dir='ltr'>abdita</span> <span class='ocrx_word' id='word_1_64' title='bbox 1118 1799 1288 1887; x_wconf 67' lang='lat' dir='ltr'>claustris</span> 
     </span>
     <span class='ocr_line' id='line_1_15' title="bbox 230 1964 1008 2084; baseline 0.006 -36"><span class='ocrx_word' id='word_1_65' title='bbox 230 1965 308 2048; x_wconf 86' lang='lat' dir='ltr'>Hic</span> <span class='ocrx_word' id='word_1_66' title='bbox 322 1965 424 2050; x_wconf 79' lang='lat' dir='ltr'>nullu</span> <span class='ocrx_word' id='word_1_67' title='bbox 441 1965 565 2050; x_wconf 78' lang='lat' dir='ltr'>effusrs</span> <span class='ocrx_word' id='word_1_68' title='bbox 582 1964 688 2080; x_wconf 72' lang='lat' dir='ltr'>figur</span> <span class='ocrx_word' id='word_1_69' title='bbox 702 1965 857 2054; x_wconf 82' lang='lat' dir='ltr'>dedistis</span> <span class='ocrx_word' id='word_1_70' title='bbox 873 1971 1008 2084; x_wconf 75' lang='lat' dir='ltr'>aquis?</span> 
     </span>
     <span class='ocr_line' id='line_1_16' title="bbox 158 2131 1013 2222; baseline 0.001 -2"><span class='ocrx_word' id='word_1_71' title='bbox 158 2137 244 2220; x_wconf 83' lang='lat' dir='ltr'>vos</span> <span class='ocrx_word' id='word_1_72' title='bbox 257 2152 341 2216; x_wconf 85' lang='lat' dir='ltr'>mm</span> <span class='ocrx_word' id='word_1_73' title='bbox 356 2131 506 2220; x_wconf 77' lang='lat' dir='ltr'>diluvio</span> <span class='ocrx_word' id='word_1_74' title='bbox 519 2133 661 2219; x_wconf 73' lang='lat' dir='ltr'>mersas</span> <span class='ocrx_word' id='word_1_75' title='bbox 676 2135 873 2221; x_wconf 76' lang='lat' dir='ltr'>absumere</span> <span class='ocrx_word' id='word_1_76' title='bbox 890 2157 1013 2222; x_wconf 73' lang='lat' dir='ltr'>terras</span> 
     </span>
     <span class='ocr_line' id='line_1_17' title="bbox 226 2301 1329 2414; baseline -0.003 -30"><span class='ocrx_word' id='word_1_77' title='bbox 226 2307 393 2412; x_wconf 75' lang='lat' dir='ltr'>AEquum</span> <span class='ocrx_word' id='word_1_78' title='bbox 412 2319 510 2406; x_wconf 85' lang='lat' dir='ltr'>erat,</span> <span class='ocrx_word' id='word_1_79' title='bbox 526 2317 645 2414; x_wconf 77' lang='lat' dir='ltr'>atque</span> <span class='ocrx_word' id='word_1_80' title='bbox 661 2303 863 2396; x_wconf 85' lang='lat' dir='ltr'>hominum</span> <span class='ocrx_word' id='word_1_81' title='bbox 881 2303 1001 2388; x_wconf 70' lang='lat' dir='ltr'>flustu</span> <span class='ocrx_word' id='word_1_82' title='bbox 1019 2301 1175 2387; x_wconf 62' lang='lat' dir='ltr'>aboiere</span> <span class='ocrx_word' id='word_1_83' title='bbox 1190 2323 1329 2413; x_wconf 83' lang='lat' dir='ltr'>genus:</span> 
     </span>
     <span class='ocr_line' id='line_1_18' title="bbox 159 2469 1331 2582; baseline -0.006 -30"><span class='ocrx_word' id='word_1_84' title='bbox 159 2469 377 2579; x_wconf 71' lang='lat' dir='ltr'>Numquid</span> <span class='ocrx_word' id='word_1_85' title='bbox 397 2469 503 2552; x_wconf 85' lang='lat' dir='ltr'>enim</span> <span class='ocrx_word' id='word_1_86' title='bbox 520 2471 679 2577; x_wconf 86' lang='lat' dir='ltr'>coelum,</span> <span class='ocrx_word' id='word_1_87' title='bbox 703 2491 823 2582; x_wconf 83' lang='lat' dir='ltr'>atque</span> <span class='ocrx_word' id='word_1_88' title='bbox 838 2471 984 2555; x_wconf 83' lang='lat' dir='ltr'>ultores</span> <span class='ocrx_word' id='word_1_89' title='bbox 999 2469 1152 2554; x_wconf 83' lang='lat' dir='ltr'>aetheris</span> <span class='ocrx_word' id='word_1_90' title='bbox 1166 2469 1276 2582; x_wconf 86' lang='lat' dir='ltr'>ignes</span> <span class='ocrx_word' id='word_1_91' title='bbox 1296 2503 1331 2564; x_wconf 76' lang='lat'>91</span> 
     </span>
     <span class='ocr_line' id='line_1_19' title="bbox 233 2633 1104 2745; baseline -0.002 -25"><span class='ocrx_word' id='word_1_92' title='bbox 233 2635 443 2720; x_wconf 89' lang='lat' dir='ltr'>Flebilibus</span> <span class='ocrx_word' id='word_1_93' title='bbox 458 2663 595 2745; x_wconf 89' lang='lat' dir='ltr'>precer</span> <span class='ocrx_word' id='word_1_94' title='bbox 612 2637 676 2722; x_wconf 91' lang='lat' dir='ltr'>hic</span> <span class='ocrx_word' id='word_1_95' title='bbox 693 2637 736 2718; x_wconf 87' lang='lat' dir='ltr'>iu</span> <span class='ocrx_word' id='word_1_96' title='bbox 751 2663 838 2720; x_wconf 82' lang='lat' dir='ltr'>mea</span> <span class='ocrx_word' id='word_1_97' title='bbox 855 2656 949 2724; x_wconf 83' lang='lat' dir='ltr'>vota</span> <span class='ocrx_word' id='word_1_98' title='bbox 965 2633 1104 2741; x_wconf 87' lang='lat' dir='ltr'>modis,</span> 
     </span>
     <span class='ocr_line' id='line_1_20' title="bbox 164 2801 1145 2919; baseline 0.001 -34"><span class='ocrx_word' id='word_1_99' title='bbox 164 2801 266 2886; x_wconf 86' lang='lat' dir='ltr'>Cum</span> <span class='ocrx_word' id='word_1_100' title='bbox 285 2823 398 2912; x_wconf 86' lang='lat' dir='ltr'>pater</span> <span class='ocrx_word' id='word_1_101' title='bbox 415 2815 456 2888; x_wconf 74' lang='grc' dir='ltr'>δι</span> <span class='ocrx_word' id='word_1_102' title='bbox 472 2803 578 2907; x_wconf 72' lang='lat' dir='ltr'>coeli,</span> <span class='ocrx_word' id='word_1_103' title='bbox 594 2803 719 2914; x_wconf 79' lang='lat' dir='ltr'>rapidi</span> <span class='ocrx_word' id='word_1_104' title='bbox 733 2803 960 2888; x_wconf 86' lang='lat' dir='ltr'>moderator</span> <span class='ocrx_word' id='word_1_105' title='bbox 976 2814 1017 2890; x_wconf 88' lang='lat'>&amp;</span> <span class='ocrx_word' id='word_1_106' title='bbox 1031 2801 1145 2919; x_wconf 87' lang='lat' dir='ltr'>ignis,</span> 
     </span>
     <span class='ocr_line' id='line_1_21' title="bbox 239 2969 999 3086; baseline 0.003 -32"><span class='ocrx_word' id='word_1_107' title='bbox 239 2972 319 3082; x_wconf 81' lang='lat' dir='ltr'>Qi</span> <span class='ocrx_word' id='word_1_108' title='bbox 336 2991 494 3080; x_wconf 81' lang='lat' dir='ltr'>poterat</span> <span class='ocrx_word' id='word_1_109' title='bbox 509 2969 672 3056; x_wconf 82' lang='lat' dir='ltr'>flammis</span> <span class='ocrx_word' id='word_1_110' title='bbox 689 2971 823 3056; x_wconf 87' lang='lat' dir='ltr'>omnia</span> <span class='ocrx_word' id='word_1_111' title='bbox 840 2971 999 3086; x_wconf 86' lang='lat' dir='ltr'>diluere,</span> 
     </span>
    </p>
   </div>
   <div class='ocr_carea' id='block_1_9' title="bbox 162 3109 1335 3252">
    <p class='ocr_par' dir='ltr' id='par_1_11' title="bbox 162 3109 1335 3252">
     <span class='ocr_line' id='line_1_22' title="bbox 162 3109 1335 3252; baseline 0 -28"><span class='ocrx_word' id='word_1_112' title='bbox 162 3136 251 3252; x_wconf 83' lang='lat' dir='ltr'>lpse</span> <span class='ocrx_word' id='word_1_113' title='bbox 267 3139 375 3224; x_wconf 88' lang='lat' dir='ltr'>suum</span> <span class='ocrx_word' id='word_1_114' title='bbox 392 3161 527 3224; x_wconf 82' lang='lat' dir='ltr'>natum</span> <span class='ocrx_word' id='word_1_115' title='bbox 546 3164 621 3247; x_wconf 91' lang='lat' dir='ltr'>pro</span> <span class='ocrx_word' id='word_1_116' title='bbox 637 3109 747 3224; x_wconf 78' lang='lat' dir='ltr'>nobis</span> <span class='ocrx_word' id='word_1_117' title='bbox 757 3139 905 3250; x_wconf 85' lang='lat' dir='ltr'>jufferit</span> <span class='ocrx_word' id='word_1_118' title='bbox 920 3145 1025 3226; x_wconf 87' lang='lat' dir='ltr'>ultro</span> <span class='ocrx_word' id='word_1_119' title='bbox 1299 3171 1335 3235; x_wconf 83' lang='lat'>95</span> 
     </span>
    </p>
   </div>
   <div class='ocr_carea' id='block_1_10' title="bbox 165 3305 1248 3917">
    <p class='ocr_par' dir='ltr' id='par_1_12' title="bbox 165 3305 1248 3917">
     <span class='ocr_line' id='line_1_23' title="bbox 234 3305 1248 3418; baseline 0.001 -29"><span class='ocrx_word' id='word_1_120' title='bbox 234 3305 470 3418; x_wconf 85' lang='lat' dir='ltr'>Supplicium</span> <span class='ocrx_word' id='word_1_121' title='bbox 491 3305 660 3392; x_wconf 82' lang='lat' dir='ltr'>infandae</span> <span class='ocrx_word' id='word_1_122' title='bbox 677 3326 806 3390; x_wconf 84' lang='lat' dir='ltr'>morte</span> <span class='ocrx_word' id='word_1_123' title='bbox 823 3307 950 3395; x_wconf 88' lang='lat' dir='ltr'>subire</span> <span class='ocrx_word' id='word_1_124' title='bbox 966 3308 1110 3392; x_wconf 84' lang='lat' dir='ltr'>trabis?</span> <span class='ocrx_word' id='word_1_125' title='bbox 1243 3340 1248 3352; x_wconf 91' lang='lat'><strong>·</strong></span> 
     </span>
     <span class='ocr_line' id='line_1_24' title="bbox 165 3471 1244 3586; baseline 0 -28"><span class='ocrx_word' id='word_1_126' title='bbox 165 3475 302 3586; x_wconf 78' lang='lat' dir='ltr'>Agnus</span> <span class='ocrx_word' id='word_1_127' title='bbox 316 3500 402 3558; x_wconf 78' lang='lat' dir='ltr'>eras</span> <span class='ocrx_word' id='word_1_128' title='bbox 419 3475 524 3557; x_wconf 82' lang='lat' dir='ltr'>sacer</span> <span class='ocrx_word' id='word_1_129' title='bbox 542 3471 624 3580; x_wconf 85' lang='lat' dir='ltr'>ille,</span> <span class='ocrx_word' id='word_1_130' title='bbox 650 3472 793 3557; x_wconf 82' lang='lat' dir='ltr'>sacram</span> <span class='ocrx_word' id='word_1_131' title='bbox 812 3472 1038 3558; x_wconf 75' lang='lat' dir='ltr'>mauandus</span> <span class='ocrx_word' id='word_1_132' title='bbox 1057 3471 1244 3578; x_wconf 84' lang='lat' dir='ltr'>adaram,</span> 
     </span>
     <span class='ocr_line' id='line_1_25' title="bbox 234 3638 1003 3751; baseline -0.001 -28"><span class='ocrx_word' id='word_1_133' title='bbox 234 3645 312 3724; x_wconf 89' lang='lat' dir='ltr'>Pro</span> <span class='ocrx_word' id='word_1_134' title='bbox 326 3640 441 3724; x_wconf 88' lang='lat' dir='ltr'>nobis</span> <span class='ocrx_word' id='word_1_135' title='bbox 460 3662 610 3725; x_wconf 87' lang='lat' dir='ltr'>aeterno</span> <span class='ocrx_word' id='word_1_136' title='bbox 624 3639 749 3726; x_wconf 77' lang='lat' dir='ltr'>hostia</span> <span class='ocrx_word' id='word_1_137' title='bbox 764 3638 870 3724; x_wconf 82' lang='lat' dir='ltr'>sacra</span> <span class='ocrx_word' id='word_1_138' title='bbox 887 3641 1003 3751; x_wconf 84' lang='lat' dir='ltr'>patri.</span> 
     </span>
     <span class='ocr_line' id='line_1_26' title="bbox 165 3803 1148 3917; baseline -0.009 -23"><span class='ocrx_word' id='word_1_139' title='bbox 165 3807 303 3894; x_wconf 80' lang='lat' dir='ltr'>Fixum</span> <span class='ocrx_word' id='word_1_140' title='bbox 319 3827 405 3893; x_wconf 85' lang='lat' dir='ltr'>erat</span> <span class='ocrx_word' id='word_1_141' title='bbox 422 3807 462 3890; x_wconf 94' lang='lat' dir='ltr'>id</span> <span class='ocrx_word' id='word_1_142' title='bbox 480 3809 601 3913; x_wconf 85' lang='lat' dir='ltr'>coelo,</span> <span class='ocrx_word' id='word_1_143' title='bbox 624 3807 728 3892; x_wconf 86' lang='lat' dir='ltr'>nulla</span> <span class='ocrx_word' id='word_1_144' title='bbox 746 3829 841 3917; x_wconf 88' lang='lat' dir='ltr'>pote</span> <span class='ocrx_word' id='word_1_145' title='bbox 857 3808 961 3892; x_wconf 84' lang='lat' dir='ltr'>mole</span> <span class='ocrx_word' id='word_1_146' title='bbox 978 3803 1148 3900; x_wconf 80' lang='lat' dir='ltr'>moveri;</span> 
     </span>
    </p>
   </div>
   <div class='ocr_carea' id='block_1_11' title="bbox 238 3973 1343 4216">
    <p class='ocr_par' dir='ltr' id='par_1_13' title="bbox 238 3973 1343 4216">
     <span class='ocr_line' id='line_1_27' title="bbox 238 3973 1343 4087; baseline -0.013 -25"><span class='ocrx_word' id='word_1_147' title='bbox 238 3975 312 4062; x_wconf 87' lang='lat' dir='ltr'>Nil</span> <span class='ocrx_word' id='word_1_148' title='bbox 330 3975 412 4086; x_wconf 87' lang='lat' dir='ltr'>Sol,</span> <span class='ocrx_word' id='word_1_149' title='bbox 432 3977 489 4063; x_wconf 87' lang='lat' dir='ltr'>nil</span> <span class='ocrx_word' id='word_1_150' title='bbox 501 3976 652 4083; x_wconf 85' lang='lat' dir='ltr'>Tellus,</span> <span class='ocrx_word' id='word_1_151' title='bbox 670 3973 726 4062; x_wconf 89' lang='lat' dir='ltr'>nil</span> <span class='ocrx_word' id='word_1_152' title='bbox 744 3975 864 4062; x_wconf 81' lang='lat' dir='ltr'>maria</span> <span class='ocrx_word' id='word_1_153' title='bbox 878 3975 956 4062; x_wconf 82' lang='lat' dir='ltr'>alta</span> <span class='ocrx_word' id='word_1_154' title='bbox 970 3975 1119 4087; x_wconf 86' lang='lat' dir='ltr'>juvent.</span> <span class='ocrx_word' id='word_1_155' title='bbox 1288 4001 1343 4048; x_wconf 73' lang='grc' dir='ltr'>ιω</span> 
     </span>
     <span class='ocr_line' id='line_1_28' title="bbox 1275 4129 1343 4216; baseline -0.044 0"><span class='ocrx_word' id='word_1_156' title='bbox 1275 4129 1343 4216; x_wconf 88' lang='lat' dir='ltr'>Tu</span> 
     </span>
    </p>
   </div>
   <div class='ocr_carea' id='block_1_12' title="bbox 0 0 1594 5184">
    <p class='ocr_par' dir='ltr' id='par_1_14' title="bbox 0 0 1594 5184">
     <span class='ocr_line' id='line_1_29' title="bbox 0 0 1594 5184; baseline 0 0"><span class='ocrx_word' id='word_1_157' title='bbox 0 0 1594 5184; x_wconf 95' lang='lat' dir='ltr'> </span> 
     </span>
    </p>
   </div>
  </div>
 </body>
</html>
