3180 5184
275 279 331 372 46
502 263 683 346 Miner
720 257 1045 342 Htuuouunu
1081 257 1221 346 Vm

275 476 485 566 Gaudebis
499 495 644 583 tecnnr,
668 491 823 560 torrens
840 472 944 558 unde
960 471 1026 558 illa
1039 471 1219 584 voluptas

274 645 351 744 Illa
365 645 553 734 immense
568 645 669 752 fluit,
694 642 961 758 gaudentque
976 641 1117 729 euntia
1129 659 1276 749 creatu,

278 817 382 932 Qae
397 811 523 902 sensus
535 811 735 902 hominum
749 811 861 924 snpra
875 809 946 918 est,
958 809 1072 922 super
1087 811 1221 896 omnia
1233 807 1461 916 abundans,

280 981 447 1069 Auribus
460 1000 505 1067 ut
518 980 763 1089 nemnhanc,
775 1005 894 1067 nemo
906 968 1076 1092 unqua'm
1094 996 1227 1066 mente
1239 977 1373 1090 capaci
1394 1017 1456 1077 ως

279 1149 461 1236 Hauserit
477 1150 520 1234 in
537 1150 669 1238 terris:
696 1149 841 1264 animas
859 1175 906 1234 ea
920 1146 1000 1235 sola
1015 1147 1150 1233 beatas

278 1317 411 1416 Efficit
424 1318 602 1404 aethereis
616 1335 815 1429 exemptas
832 1343 997 1429 corpore
1013 1315 1057 1401 in
1074 1315 1169 1424 oris,
1341 1345 1345 1354 ’

281 1487 345 1580 Ut
359 1485 456 1576 nihii
469 1485 625 1572 rutenus
641 1502 830 1599 qnterant,
857 1483 955 1570 nihil
970 1485 1129 1594 amplius
1143 1483 1299 1592 opt'eut.

350 1651 417 1738 Tu
434 1675 566 1740 tarneu
583 1656 632 1738 61
659 1655 810 1744 nostros
827 1651 952 1738 adiisti
967 1615 1107 1764 spente
1123 1651 1291 1758 labores,

284 1821 546 1934 Mortalesque
564 1849 672 1908 auras
686 1823 836 1908 hausisti
855 1821 924 1906 has
941 1819 1068 1906 nortis
1083 1819 1125 1905 in
1139 1817 1296 1905 umbras
1398 1847 1455 1896 u·

284 1985 437 2096 Editus,
461 1988 725 2108 humanosque
742 2017 838 2101 puer
851 1988 1034 2076 collettus
1051 1985 1094 2073 in
1108 2007 1229 2094 artur,

285 2158 411 2242 Verus
426 2155 563 2264 homo,
588 2183 697 2243 verus
711 2159 857 2269 pariter
872 2161 997 2264 Deus,
1021 2183 1118 2242 unus
1132 2171 1328 2268 utrunque

285 2323 480 2430 Nasceris,
497 2335 539 2410 δι
556 2326 651 2417 coeli
668 2327 787 2413 nostri
803 2353 886 2412 non
904 2323 1049 2436 respuis
1063 2351 1171 2425 orus;

286 2494 396 2602 Eque
414 2489 495 2578 fiuu
507 2495 628 2602 patris
643 2494 685 2578 in
704 2513 826 2581 terras
845 2517 886 2580 te
900 2492 1033 2607 dejicis
1050 2491 1147 2578 irnas

287 2657 387 2744 Solis
401 2660 494 2746 lucis
515 2689 649 2776 egens,
674 2691 759 2749 cum
777 2664 823 2747 fis
840 2661 930 2747 fons
945 2661 1051 2766 lueis,
1078 2673 1119 2745 δε
1136 2658 1257 2771 ipsum
1401 2691 1450 2750 nr

138 2946 139 2950 Ν
286 2825 352 2904 De
368 2824 494 2910 nihilo
507 2827 715 2934 extuderis‘,
742 2829 923 2939 nullaque
940 2857 964 2912 e
982 2826 1158 2937 lampade
1173 2829 1317 2930 Solem,

286 2989 516 3103 Caeteraque
535 2995 721 3080 illustrans
737 2997 829 3081 coeli
846 2995 1083 3080 succenderis
1098 2995 1208 3077 astra.

287 3154 481 3270 Nasceris,
508 3168 548 3242 &
567 3160 694 3244 subito
710 3161 862 3272 asperiiu
878 3165 1021 3250 coelum
1040 3187 1159 3255 omne
1174 3160 1328 3252 serenas

288 3319 428 3406 Editus
442 3324 483 3407 in
505 3323 628 3410 lucem
644 3357 738 3438 pura
755 3330 806 3413 de
822 3330 978 3446 virginis
994 3331 1095 3435 alvu,

289 3490 389 3594 Qrae
406 3489 559 3598 penitus
579 3494 737 3582 thalami
757 3499 955 3613 tutiusque
971 3501 1104 3612 ignara
1120 3496 1235 3584 virilis
1401 3525 1455 3572 ¹²⁰

287 3657 472 3742 Numinis
489 3661 653 3748 efflantis
668 3663 991 3784 saneta'concepit
1009 3667 1059 3750 ab
1076 3693 1180 3750 aura.

288 3821 487 3909 Nasceris:
514 3829 557 3912 in
575 3834 690 3918 terris
707 3862 781 3944 pax
796 3835 964 3921 nascitur
982 3852 1256 3935 truncaturum,

289 3991 367 4070 Pax
386 4019 544 4078 omnem
562 3997 709 4086 sensum
726 4029 952 4114 exuperans,
978 4001 1127 4088 insueta
1145 3999 1334 4108 voluptas.

290 4154 483 4268 Nasceris,
509 4183 554 4248 ut
569 4168 677 4254 verni
696 4169 839 4283 species
855 4171 1050 4283 patefacit
1067 4168 1151 4256 diei

1311 4327 1458 4418 Omnia
