3160 5198
279 275 360 350 1168
504 272 689 350 Mnncr
724 269 1054 352 Hrenonrmr
1093 267 1234 356 Vrun

280 483 509 593 Tempestas
524 481 746 588 metuenda,
773 478 846 566 seri
861 509 990 595 neque
1007 487 1139 594 praelia
1151 490 1266 596 ponti
1273 535 1287 587 ς

280 649 358 736 Sed
375 649 539 762 placida,
560 663 600 736 δι
621 651 699 734 stne
713 649 792 734 fine
809 649 931 762 quies,
952 652 1082 734 secura
1097 654 1288 763 voluptas,

279 826 462 931 Votaque
473 817 603 927 plena,
614 817 815 929 omnisque
829 816 966 900 animis
981 838 1163 928 exempta
1174 823 1319 933 cupido
1332 823 1399 906 est.
1412 856 1460 924 tt.

280 989 370 1100 Jam
386 981 483 1096 quid
500 983 605 1067 enim
623 985 780 1092 cupiant
799 1002 946 1070 aeterua
961 985 1045 1068 luce
1061 983 1248 1096 fruentes,

281 1156 411 1262 Atque
429 1150 541 1234 bonis
558 1147 718 1233 saturati
733 1175 884 1256 omnes,
907 1148 1065 1236 &sorte
1081 1151 1187 1236 beati

280 1316 455 1434 quue
471 1317 537 1401 sua
552 1315 654 1416 dulci
668 1315 860 1425 complexi
877 1337 1011 1400 mutua
1026 1328 1183 1402 amore?

281 1484 358 1570 Sed
377 1513 447 1570 vos
465 1482 659 1594 praetipuo
673 1501 784 1590 pater
799 1479 991 1596 insignivit
1008 1483 1160 1568 honore

282 1653 550 1764 Omnipotens
568 1649 688 1757 longe
701 1667 794 1732 ante
810 1648 919 1757 alios,
938 1678 1036 1761 quos
1052 1647 1193 1737 scilicet
1210 1671 1364 1760 omnes,
1409 1690 1447 1750 ῃ

282 1820 383 1904 Cum
398 1817 573 1928 suprema
589 1814 671 1900 dier
688 1817 867 1926 perituro
881 1815 1052 1902 illuxerit
1069 1817 1172 1926 orbi,

282 1991 412 2101 Atque
428 1985 568 2068 iterum
589 2001 723 2066 natum
738 1983 844 2068 coelo
860 1980 1056 2068 demiserit
1072 1985 1167 2092 alto,

281 2153 442 2246 Arbiter
456 2171 500 2235 ut
515 2150 612 2234 vitas
631 2148 908 2263 hominumque
924 2162 965 2236 dt
980 2151 1141 2236 crimina
1154 2172 1316 2263 querat,

282 2319 415 2408 Addet
433 2319 470 2402 ei
485 2317 633 2401 arbitrii
652 2317 792 2402 socios:
820 2316 987 2402 bissena
1002 2317 1179 2404 sedentes

281 2495 364 2578 Vos
380 2487 473 2571 solia
491 2484 680 2597 accipient
694 2483 752 2566 bis
769 2481 879 2569 senos
896 2484 1033 2568 ardna:
1063 2484 1116 2569 ibi
1131 2488 1258 2572 omnis
1412 2517 1443 2578 rr

281 2663 365 2746 Vos
382 2675 540 2762 tremet,
565 2673 684 2766 atque
700 2672 807 2738 metu
825 2655 987 2740 mussans
1000 2653 1245 2738 venerabitur
1263 2655 1382 2740 orbis.

282 2827 515 2928 Fortunate,
532 2821 670 2904 domus
686 2814 755 2903 sub
774 2823 882 2904 tedio
900 2821 1077 2932 pauperis
1092 2842 1202 2905 ortus

283 2988 469 3072 Craticeo
482 2985 533 3071 ad
545 2987 687 3095 patrias
707 3014 854 3098 pauper
871 2986 1064 3072 Beffaldos
1082 2986 1204 3072 undas

282 3151 466 3261 Piscator,
484 3173 527 3236 tu
545 3150 695 3236 sublimi
712 3154 941 3264 conspectus
955 3153 1107 3238 honore

281 3321 430 3436 Judicis
444 3317 581 3404 aeterni
600 3319 713 3404 lateri
730 3317 950 3434 subjunctus
967 3319 1094 3406 amico
1413 3357 1448 3417 50

281 3489 472 3594 Haerebis,
497 3513 624 3598 neque
643 3507 683 3570 te
701 3487 887 3572 sociorum
904 3509 997 3572 ante
1016 3489 1128 3574 iverit
1146 3492 1244 3574 alter

282 3657 372 3742 Post
386 3655 561 3759 fratrem,
588 3671 704 3766 quem
718 3653 892 3763 praesecit
907 3658 1133 3741 mortalibus
1149 3657 1244 3742 olim

279 3824 442 3910 Arbiter
460 3820 539 3932 ipse
556 3819 670 3906 heros
685 3822 881 3933 terrasque
894 3821 1148 3936 hominesque
1163 3824 1394 3937 relinquens.

280 3991 349 4076 Tu
366 3989 475 4101 prior
494 3986 631 4076 accesti
648 3985 779 4072 divina
795 4015 891 4076 voce
907 4010 1067 4076 vocatus

283 4157 347 4245 Ad
365 4157 505 4266 lucem,
528 4183 736 4270 verumque
749 4156 882 4242 datum
898 4157 954 4244 est
972 4159 1045 4243 tibi
1064 4183 1223 4246 cernere
1239 4159 1371 4246 lumen
1410 4189 1443 4250 rr

1342 4330 1446 4410 Ante
