3180 5184
234 325 286 406 ¹4
452 307 637 386 Marsos
670 303 1002 384 Hrrrourur
1040 303 1184 389 Vror

230 518 338 600 Ante
355 515 476 600 oorlis
493 515 562 600 alti
578 515 803 603 mortalibus
821 513 952 600 abdita
970 519 1085 626 ponti

231 683 359 767 Antra
374 681 517 796 legam,
537 700 815 797 penetremque
831 684 900 768 imi
915 684 997 767 sola
1014 704 1154 796 operta
1168 687 1363 800 prolirndi,

231 847 451 936 Observata
466 877 565 966 vaga
583 869 651 934 tua
665 877 783 964 quam
802 849 958 964 vestigia
976 869 1122 958 mente,

231 1015 491 1128 occultasque
507 1019 587 1104 vias
606 1017 760 1129 penitus
777 1015 1019 1129 deprendere
1033 1017 1182 1128 pollim.
1344 1049 1361 1092 ι

230 1183 368 1294 Usque
385 1183 497 1292 lates,
512 1183 733 1299 gaudesque
745 1185 865 1299 nigris
879 1184 1085 1272 obnubilus
1101 1187 1266 1286 umbris,
1380 1287 1387 1302 ι

227 1351 318 1436 Nec
336 1372 426 1438 toto
443 1381 605 1465 appares
620 1350 777 1464 usquam
794 1353 1021 1440 mortalibus
1035 1380 1118 1438 ote.

228 1521 342 1634 Qas
355 1549 433 1635 ego
452 1551 534 1608 non
551 1521 731 1630 latebras,
748 1549 845 1636 quas
860 1549 941 1622 non
958 1519 1090 1604 mundi
1109 1519 1277 1633 impiger
1292 1546 1382 1604 oras

229 1687 498 1802 Nequicquam
514 1688 715 1798 scrutatus,
736 1685 1014 1800 inacoeffosque
1032 1687 1195 1772 recelsus

229 1858 340 1964 Saepe
355 1855 448 1963 adii,
468 1854 561 1942 dum
579 1875 621 1942 te
635 1883 707 1968 per
722 1859 851 1968 plana,
868 1881 939 1968 per
954 1854 1074 1938 ardua
1090 1883 1236 1967 quaero,
1342 1886 1359 1927 ι

228 2021 352 2106 Astus
370 2049 504 2108 amore
517 2026 578 2108 tui
597 2023 838 2138 flagransque
855 2021 1034 2133 cupidine
1050 2023 1189 2130 vultus,

229 2187 376 2274 Nubila
388 2218 469 2302 quo
484 2192 591 2298 coeli,
612 2191 931 2302 tempestatesque
950 2187 1127 2274 serenas?

228 2356 334 2440 Nam
350 2359 532 2469 quoniam
549 2358 589 2442 in
609 2379 714 2441 terra
731 2357 853 2441 visum
868 2378 911 2441 te
925 2355 1025 2467 saepe
1041 2356 1192 2443 recenti

230 2523 452 2632 Audieram,
480 2525 683 2638 priscisque
701 2524 925 2636 patentibus
940 2553 1010 2608 ore
1029 2527 1214 2630 locutum,

225 2693 395 2778 Primum
413 2714 557 2780 tertam
572 2693 663 2802 adii,
687 2694 847 2778 multum
866 2691 1020 2778 scitatus
1038 2692 1087 2774 ab
1104 2691 1181 2795 illa,
1340 2719 1397 2782 ror

225 2859 376 2972 Ecquid
394 2857 499 2942 sorte
517 2861 593 2944 suis
611 2860 832 2941 latitantem
852 2856 991 2940 viderit
1007 2859 1128 2942 antris

225 3023 365 3136 Teque
381 3026 545 3137 tuosque
563 3024 712 3130 adytus,
729 3035 769 3108 &
789 3021 1066 3108 inobservabile
1082 2981 1205 3134 porro

225 3193 350 3277 Norit
364 3195 460 3278 iter:
488 3191 587 3278 nihil
603 3191 667 3274 illa
682 3217 773 3276 meo
790 3192 966 3276 sermone
980 3213 1171 3296 movetur,
1248 3217 1251 3224 ⁴

228 3357 306 3443 Sed
321 3361 549 3448 circumfuso
564 3358 602 3445 se
617 3359 787 3444 ostendit
801 3359 841 3443 in
858 3385 946 3442 aere
963 3378 1117 3443 tantum

225 3527 479 3635 Pendentem,
502 3551 618 3640 atque
635 3527 708 3612 suis
726 3527 901 3611 libratam
923 3527 1073 3610 nixibus
1090 3525 1219 3610 offert.
1339 3559 1399 3620 3oo

225 3693 332 3779 Tum
349 3697 474 3806 pistos
491 3696 601 3780 variis
617 3691 826 3806 praetendit
843 3687 1000 3778 floribus
1020 3720 1149 3806 agros,

226 3863 313 3947 Tot
330 3863 465 3970 sylvas,
489 3883 554 3948 tot
573 3863 623 3947 de
641 3861 751 3946 nullo
767 3855 921 3971 quoque
937 3859 1080 3943 semine
1100 3859 1266 3968 plantas,

227 4033 436 4141 Pomaque,
455 4043 496 4116 δι
509 4030 613 4115 haud
632 4057 713 4114 uno
728 4026 869 4112 nitidas
887 4053 910 4108 e
926 4027 1101 4140 germine
1118 4023 1266 4140 fruges,

226 4197 429 4310 Tempore
444 4223 608 4310 quaeqoe
626 4196 694 4280 suo
706 4196 789 4283 vice
805 4192 1076 4305 provenientia
1088 4210 1209 4280 certa.
1373 4239 1377 4248 ·

1287 4359 1396 4444 Tum
