3160 5198
358 269 544 352 Hrurtr
584 289 645 344 ou
682 265 845 346 Runus
883 265 1118 348 Dtvrurs.
1246 293 1320 360 17¹

155 483 388 570 Undantem
405 483 502 586 luce,
529 509 573 564 sc
594 501 760 564 totores
779 479 874 566 orbe
891 481 1108 592 rigantem?

155 651 333 735 Forfitan
350 649 576 735 humentem
594 647 772 731 nebulam
792 645 973 756 proflare,
999 645 1232 761 brevemque

156 815 324 900 Obseffis
341 816 486 928 poteris
506 814 617 899 radiis
633 813 848 898 obtendere
867 813 1033 914 nubem,

156 989 346 1092 Erumpet
365 982 441 1088 lux,
469 1002 646 1090 erumpet
661 978 905 1064 rutilantibus
921 978 1021 1062 auris
1265 995 1321 1076 '105

155 1149 336 1258 Lampas,
363 1159 402 1231 ὅτ
422 1146 580 1232 auriflua
593 1145 678 1233 sace
696 1147 824 1230 nubila
842 1145 995 1230 differet
1013 1145 1158 1230 omnia.

154 1317 313 1424 Nempe
332 1315 436 1424 pium
458 1314 554 1397 nihil
570 1315 803 1418 obstantem,
829 1311 929 1397 nulla
948 1337 1053 1396 arma
1071 1331 1295 1468 moventeqt

154 1485 230 1562 Pro
248 1479 288 1564 se
305 1481 380 1564 vim
397 1499 548 1586 contra,
575 1479 641 1564 sed
661 1481 796 1562 mortis
815 1507 947 1563 amore
963 1501 1142 1568 ruentem

155 1653 316 1756 Optatae
334 1647 495 1731 infando
513 1647 669 1755 potuisti
687 1645 850 1756 perdere
864 1647 974 1731 letho

154 1814 321 1898 Efferus:
352 1835 393 1896 at
411 1813 559 1898 clarum
578 1813 631 1898 vis
649 1813 751 1898 nulla
769 1817 994 1926 extinguere
1013 1843 1158 1901 nomen
1267 1854 1321 1899 11·

153 1983 327 2085 Evaleat,
354 1981 460 2092 quod
477 2006 548 2088 per
564 1979 731 2089 populos
749 2008 893 2091 magno
911 2007 980 2064 ore
999 1983 1172 2066 sonabat.

153 2146 229 2230 Sed
247 2177 326 2259 quo
343 2169 386 2230 tu
404 2147 526 2258 magis
544 2144 733 2250 obstabas,
760 2146 837 2232 hoc
854 2147 966 2230 latius
985 2149 1080 2232 illud

152 2317 354 2423 serpebat,
379 2310 610 2424 penitusque
628 2313 762 2395 animis
781 2312 953 2396 haerebat
971 2297 1162 2399 adadtum.

151 2479 198 2562 Id
217 2499 394 2590 potuere,
420 2479 558 2593 quibus
573 2504 751 2588 praeeras,
771 2477 974 2562 ostendere
990 2485 1128 2585 Patrae,

149 2646 296 2732 Felices
312 2653 449 2748 Patrae,
473 2645 609 2756 quibus
623 2646 764 2728 almam
784 2671 942 2732 cernere
959 2645 1098 2750 lucem,
1264 2683 1313 2742 115

150 2819 240 2896 Hoc
255 2811 505 2914 monstrante,
527 2810 674 2915 datum,
702 2823 906 2896 &certam
925 2809 1080 2921 sperare
1099 2811 1261 2899 salutem

148 2982 316 3091 Pignore
332 3001 410 3060 tam
427 2999 554 3063 certo:
583 2980 666 3088 quis
684 2979 787 3062 enim
807 3005 889 3060 non
907 2979 944 3062 se
959 2979 1103 3064 eximat
1120 2980 1226 3063 uitro

147 3147 327 3229 Protinus
345 3139 530 3254 abruptis,
550 3143 576 3226 st
595 3143 708 3226 detur
727 3149 852 3255 copia,
873 3147 1030 3232 vinclis?

148 3311 226 3395 Sed
246 3310 316 3394 tibi
335 3311 457 3416 dulce,
484 3308 613 3414 senex,
636 3313 793 3418 (etenim
812 3311 861 3394 ad
880 3331 933 3418 te,
955 3313 1099 3419 sancte,
1124 3319 1314 3426 revertor)

149 3479 275 3566 Vilern
292 3504 361 3587 per
379 3495 523 3558 mortes
541 3504 679 3560 omnes
700 3479 896 3562 effundere
912 3479 1033 3562 vitam
1259 3513 1314 3558 ιιο

147 3647 223 3726 Pro
236 3642 349 3747 duce,
375 3641 441 3752 qui
460 3641 537 3723 sese
555 3643 682 3725 nostra
699 3645 752 3726 ob
768 3644 962 3728 commissa
979 3644 1196 3729 necandum

147 3775 320 3912 distulit,
349 3807 557 3917 infamique
578 3808 676 3889 trabi
695 3809 844 3894 suffixus
861 3811 999 3894 obivit.

145 3975 269 4088 Qod
288 3973 424 4058 mortis
441 4000 562 4085 genus
578 3973 732 4058 efferres
751 4006 837 4060 cum
857 3977 996 4061 multus
1012 3975 1060 4059 ad
1078 3975 1176 4058 astra

64 4181 68 4188 ⁴
143 4143 354 4246 Laudibus,
377 4137 601 4226 &nostram
620 4139 709 4228 hinc
729 4169 885 4229 caneres
901 4141 1066 4254 prodisse
1082 4141 1259 4244 salutem,

823 4311 899 4408 Ya
1220 4311 1312 4416 Sup-
