3168 5190
348 287 530 404 Hunni
565 304 627 362 ou
664 283 832 388 Rarus
867 257 1147 394 Drvrurss
1238 315 1318 391 243

142 501 231 614 lpse
247 502 323 586 tuis
342 501 497 614 opibus,
521 494 678 582 saevibas
697 497 796 618 ultus
814 497 856 582 in
876 499 991 608 ipsos,

144 669 236 776 Sed,
254 669 372 753 veluti
389 667 550 753 meritos
564 665 678 769 benc,
705 665 828 748 amica
844 687 977 750 mente
995 667 1169 783 fovebas,

143 845 199 926 Et
216 865 327 922 caros
345 839 448 940 inter
463 833 574 918 nullo
590 829 806 916 discrimine
823 831 1010 950 habebam
1265 877 1317 940 ¹35

144 1006 322 1090 Tantum
341 1003 417 1088 illis
438 1001 640 1086 meliorem
657 998 842 1116 animum,
867 1023 1113 1116 mentemque
1129 1027 1318 1115 precatus.

145 1173 249 1286 Qae
268 1170 534 1260 nos-erudiens
547 1166 732 1279 propiora
747 1169 923 1280 exempla
935 1166 1104 1256 docebas

143 1339 271 1423 Ultro
286 1337 540 1454 ignominiam
555 1331 673 1442 ferre,
699 1347 739 1421 ot
756 1335 928 1440 convitia
942 1337 1086 1464 inultos

146 1511 276 1619 Equo
290 1504 435 1610 animo,
449 1516 489 1591 &
501 1505 603 1620 mala
616 1503 756 1614 sponte
772 1503 869 1611 pati,
880 1525 1094 1620 mentemq;
1108 1506 1319 1620 benignam

146 1629 367 1781 Concipere
383 1671 421 1754 in
436 1671 596 1756 meritos
614 1670 728 1776 male,
746 1696 819 1756 nec
833 1670 898 1783 sua
917 1675 1072 1782 praemia
1087 1676 1221 1787 urique
1266 1706 1320 1767 ιφ

144 1841 328 1942 Reddere
345 1865 419 1950 pro
436 1840 594 1944 meritis,
621 1837 689 1924 sed
704 1837 873 1922 amando
889 1866 969 1922 uno
987 1839 1125 1926 ordine
1140 1841 1285 1926 habere

100 2055 102 2058 -
146 2013 269 2118 AEque
287 2033 437 2114 omnes,
457 2005 577 2092 studia
596 2005 695 2090 illius
714 2004 895 2115 preclara
910 2004 1075 2124 secutos,

147 2175 230 2304 Qi
246 2175 413 2272 moriens
430 2174 563 2272 nostro
581 2200 654 2285 pro
668 2172 829 2258 crimine
843 2172 969 2262 versus
988 2173 1040 2259 ad
1055 2177 1155 2296 astra

148 2342 303 2426 Orabat
318 2343 467 2427 veniam
489 2341 638 2430 lethum
654 2339 937 2454 intentantibus
955 2339 1054 2454 iplis.

148 2511 278 2618 Atque
293 2509 384 2592 ideo
398 2509 469 2606 tibi
491 2509 569 2620 vita
588 2503 660 2591 fuit
672 2504 883 2594 discrimen
899 2473 1058 2628 ubique,
1182 2543 1188 2552 ·

146 2681 201 2763 Et
217 2674 339 2780 labor,
367 2674 541 2796 humanit
557 2674 647 2796 dum
670 2694 710 2812 te
725 2701 797 2782 pro
812 2629 952 2782 uiribus
971 2675 1097 2788 effers,

148 2841 407 2956 Terrenisque
422 2842 566 2959 animo,
589 2862 773 2952 quantum
791 2864 919 2950 potes,
944 2843 1079 2928 eximis
1094 2846 1187 2956 oris,

151 3005 345 3120 Affiduum
362 2967 505 3092 ducens
522 2967 755 3116 contempto
771 3005 924 3094 foedere
942 3009 1085 3123 bellum
1188 2987 1189 2990 d

149 3181 249 3262 Cum
264 3173 444 3291 scelerum
461 3173 614 3259 invictis
632 3176 864 3284 auctoribus,
889 3175 1059 3291 undique
1078 3179 1184 3268 duris
1270 3179 1273 3186 ⁴

149 3340 335 3426 Hostibus
355 3342 543 3453 objediuS‚
571 3369 669 3454 quos
687 3343 783 3426 inte
802 3345 976 3472 armabat
992 3307 1160 3456 Erinnyt
1280 3461 1283 3470 1

152 3507 311 3612 Addita,
326 3519 364 3592 &
385 3503 546 3593 infernis
559 3508 632 3592 tibi
647 3529 731 3592 erat
746 3530 943 3594 certamen
959 3512 1011 3595 ab
1028 3515 1106 3600 oris
1116 3559 1129 3617 3

150 3673 437 3787 Corporeisque
455 3675 586 3760 animo
601 3637 819 3761 obluctatus
837 3676 1002 3785 pestibus
1017 3681 1096 3766 acri

150 3839 357 3928 Gaudebas
373 3841 499 3925 varios
514 3869 710 3952 nunquam
728 3843 800 3924 tibi
817 3839 942 3928 deeffe
959 3844 1123 3958 labores,
1192 3933 1196 3951 ,

150 4016 201 4092 Et
218 4008 290 4090 tibi
309 4005 417 4093 ludus
437 4027 550 4092 erant
567 3999 793 4117 certamina,
810 4012 949 4095 cuncta
966 4010 1143 4128 ferendo.
1206 4073 1207 4076 r

149 4179 268 4260 Nunc
286 4175 357 4260 tibi
373 4196 485 4286 parta
499 4177 621 4291 quies,
647 4176 714 4262 tibi
732 4202 805 4304 pax
823 4175 955 4298 secura
970 4176 1157 4268 laborum.
1286 4291 1287 4296 Ν

886 4342 1023 4428 th
