3168 5190
254 299 335 366 260
476 287 663 366 Mnne1
702 285 1035 369 Hrrnouuur
1070 291 1209 374 Vroas

254 500 405 586 AEterni
426 500 525 614 regis
544 499 710 610 genitrix
728 495 886 582 domina
904 497 1060 584 aetheris
1077 502 1160 612 alti,

255 669 356 754 Cum
375 668 540 752 mortale
564 696 685 782 genus
704 665 796 750 coeli
819 663 1022 749 miseratur
1039 669 1205 779 abarce,

254 837 387 948 Atque
406 837 482 920 iras
500 835 582 919 nati
601 831 809 918 meditatur
826 831 981 914 desiere
994 835 1124 946 justas.

254 1005 344 1088 Nos
360 1005 483 1086 ambae
499 1000 663 1112 aspicitis
680 998 800 1105 simul,
828 998 1040 1112 arcetisque
1059 1003 1223 1110 periclis,
1384 1037 1428 1098 45.

254 1175 345 1255 Nec
362 1191 403 1254 te
419 1169 631 1280 compellat
646 1164 899 1278 nequicquam
921 1168 1079 1252 nomine
1094 1169 1307 1282 quisquam.

255 1335 319 1420 Te
338 1359 481 1420 matres
498 1335 650 1420 facilem
670 1354 805 1444 partus
817 1332 896 1446 jam
916 1334 1105 1436 mensibus
1121 1339 1216 1424 attis

254 1503 488 1612 Implorant,
513 1500 716 1613 mediaque
734 1521 873 1586 vocant
890 1503 930 1586 in
947 1524 1075 1594 morte
1093 1504 1288 1615 jacentes:

255 1671 342 1782 Ipsa
360 1671 467 1753 faves
487 1670 645 1774 Lucina,
666 1689 739 1752 tuo
755 1669 791 1750 se
808 1695 967 1754 munere
982 1669 1080 1751 laetae

253 1837 475 1922 Incolumes
495 1836 699 1920 testantur:
730 1833 812 1918 adit
832 1857 899 1918 tua
914 1835 1091 1945 protinus
1109 1803 1236 1922 omnis
1386 1873 1421 1932 5·

255 2005 362 2092 Hinc
379 1993 541 2088 delubra
556 2001 693 2088 chorus
713 2021 892 2107 matrum,
920 2013 960 2088 &
979 2003 1048 2086 tibi
1066 2002 1170 2087 sacra
1188 2006 1393 2114 quotannis

256 2173 378 2258 Dona
393 2165 537 2275 ferunt,
553 2167 735 2280 natasque
748 2167 891 2252 docent
909 2170 1102 2256 connubia
1119 2171 1292 2256 nondum

257 2343 447 2448 Expertus
466 2334 598 2446 primis
616 2354 681 2418 tua
698 2337 846 2444 templa
864 2335 1025 2420 invisere
1042 2338 1092 2420 ab
1110 2337 1234 2446 annis,

160 2575 163 2584 .
257 2511 312 2589 Et
327 2505 429 2586 votis
443 2503 630 2605 venerari,
660 2511 699 2586 δι
717 2503 837 2593 sacras
854 2503 981 2596 dicere
999 2501 1140 2588 lauder.

259 2672 371 2754 Salve
385 2670 604 2756 coelicolum
620 2671 730 2780 virgo
746 2667 862 2752 decus
881 2669 1149 2779 innuptarum!
1385 2707 1416 2766 rr

258 2843 348 2922 Huc
366 2836 475 2918 ades:
507 2835 737 2949 &quamvis
756 2835 846 2918 alibi
866 2837 1070 2947 majoribus
1086 2837 1159 2919 aris

258 3003 427 3113 Templa
448 3005 518 3085 tibi
534 2999 698 3108 fumant,
718 3005 898 3114 coeloque
916 3003 1103 3088 minantia
1122 3003 1240 3106 tetta,

258 3173 349 3257 Nec
366 3193 500 3254 tamen
518 3197 565 3252 err
581 3169 704 3281 longo
720 3169 911 3254 addidlam
932 3169 1003 3252 tibi
1024 3170 1158 3278 sperne
1174 3171 1425 3258 Cremonam:

261 3338 337 3424 Sed
356 3340 508 3451 quoties
527 3337 627 3422 hanc
646 3337 760 3420 thura
779 3337 848 3420 tibi
868 3336 1114 3422 incendemus
1129 3337 1178 3420 ad
1197 3363 1317 3442 arant,

259 3511 370 3592 Laeta
385 3507 485 3616 veni,
506 3517 544 3588 dt
564 3502 686 3590 facilrs
706 3503 856 3606 nostrie,
876 3505 991 3608 Diva,
1007 3531 1135 3588 annue
1154 3504 1269 3588 votis.
1380 3475 1425 3584 'so

260 3671 401 3782 Aspice
415 3695 457 3755 ut
475 3671 595 3755 ltalite
613 3669 764 3754 felicem
780 3667 879 3754 hanc
894 3669 1022 3752 divitis
1037 3696 1145 3760 oram

262 3841 430 3924 Servitio
449 3841 566 3950 usque
583 3855 761 3946 premant
780 3836 943 3939 externi,
963 3857 1006 3918 ut
1026 3834 1163 3918 finibus
1182 3835 1311 3918 hostes

260 4011 380 4092 Nunc
399 4007 452 4110 hi,
476 4035 576 4101 nunc
596 4007 648 4088 illi
667 4007 706 4088 in
727 4003 862 4086 nostris
879 4027 1024 4088 aetetna
1042 3999 1211 4115 fatigent
1310 4025 1334 4041 ‘

260 4176 380 4280 Bella,
410 4201 481 4262 uec
497 4173 609 4256 ltalia
627 4173 781 4284 possunt
799 4167 987 4256 decedere
1006 4171 1119 4260 vidia.

1339 4333 1424 4418 Nos
