3180 5184
262 257 315 352 84
483 255 669 332 Mnacr
703 252 1035 332 Hrsnouumr
1075 253 1218 336 Vrun

258 469 349 554 Nos
367 464 487 576 patris
503 464 638 549 aeterni
656 463 786 548 nostra
802 465 1030 550 irritavimus
1049 465 1123 550 iras

332 633 508 729 Fraude3
536 659 673 716 cruore
692 653 761 716 tuo
779 651 822 714 tu
842 631 984 740 probra
1000 633 1132 716 nostra
1150 633 1266 718 lavas.

257 803 347 886 Nos
365 801 492 886 dulces
510 800 633 888 vetita
650 795 905 908 decerpsimus
924 797 1064 882 arbore
1082 797 1231 903 foetus;
1407 843 1452 903 ις

327 969 531 1052 Distentus
547 965 630 1052 dira
646 986 688 1050 tu
701 966 811 1050 trabe
831 965 935 1050 furta
953 965 1036 1050 luis.

258 1137 321 1222 ot
338 1136 499 1220 nimium
518 1135 669 1220 nostros
688 1133 846 1218 nimium
866 1133 1044 1216 miserate
1062 1134 1230 1244 labores,

331 1307 391 1392 ΟΙ
412 1301 531 1387 nostri
550 1272 725 1408 nimium,
753 1301 807 1385 nil
823 1327 974 1384 memor
991 1301 1071 1410 ipse
1090 1304 1158 1388 tui.

257 1473 357 1564 Non
377 1498 498 1584 genus
514 1471 737 1577 humanum,
764 1497 846 1553 non
863 1466 998 1550 mundi
1015 1469 1191 1568 machina
1206 1469 1323 1576 tanti,

332 1641 430 1726 Non
450 1658 563 1730 tanto
579 1665 726 1724 merces
744 1635 863 1748 digna
880 1635 1013 1720 labore
1028 1635 1115 1720 fuit.
1396 1671 1438 1749 ,²⁹

259 1805 413 1894 Scilicet
429 1807 565 1890 aeternl
580 1808 709 1915 proles
725 1823 871 1888 aeterna
886 1802 1059 1913 parentis

328 1975 470 2060 Factus
485 1971 621 2082 homo,
648 1973 779 2056 sontes
793 1999 844 2054 ne
864 1969 1088 2079 moriamur,
1113 1971 1223 2056 obis?

257 2141 389 2260 Qcm
407 2163 520 2252 pater
536 2143 616 2252 ipse
631 2137 688 2225 sui
707 2139 784 2224 stne
802 2139 968 2252 origine,
995 2140 1166 2250 concipit
1183 2137 1314 2243 instar,

328 2312 436 2394 Dum
452 2307 530 2392 sese
544 2329 694 2394 aeterno
710 2307 863 2419 cogitat
880 2334 1000 2419 usque
1017 2307 1162 2392 animo.

257 2483 326 2568 Me
345 2475 542 2562 miserum!
570 2505 655 2590 quae
672 2497 712 2560 te
732 2477 869 2586 pietas,
894 2473 1152 2584 pulcherrime
1169 2501 1313 2583 rerum,
1394 2506 1428 2596 ⁸2⁵

326 2643 429 2736 Tam
445 2673 562 2749 nova,
583 2645 649 2754 qui
668 2645 812 2755 quassu,
833 2665 913 2726 tam
934 2671 1055 2727 novus
1073 2645 1155 2756 egit
1175 2649 1308 2726 amor?

256 2807 340 2900 Ah!
363 2809 419 2890 sat
437 2832 522 2892 erat
541 2833 581 2894 te
602 2812 755 2896 sidereis
770 2809 819 2892 de
836 2811 985 2894 sedibus
1002 2813 1129 2896 adium

328 2975 466 3059 Taedia
483 2977 645 3100 vipginei
662 2977 781 3088 longa
797 2977 920 3060 tuliffe
936 2980 1050 3084 uteri,

255 3144 337 3228 Aut
354 3139 444 3226 hinc
462 3141 649 3226 mortales
668 3141 848 3246 eductum
868 3144 909 3229 in
924 3147 1076 3255 luminis
1095 3174 1217 3252 auras,

327 3307 429 3396 Cum
444 3334 586 3416 pecore
603 3309 742 3421 agresti
760 3307 948 3404 delituiffe
966 3313 1068 3396 cala:

253 3471 351 3556 Inde
368 3499 509 3586 vagum
524 3475 598 3560 huc
616 3477 706 3562 illuc
721 3479 871 3580 nostros
887 3477 1017 3562 adiiffe
1035 3481 1198 3586 labores,

321 3642 430 3750 Dum
451 3643 635 3728 mundum
655 3643 705 3733 ad
723 3647 827 3756 leges
843 3657 999 3730 &nova
1013 3647 1098 3758 jura
1115 3675 1241 3732 vocas.

251 3813 366 3915 Neve
382 3812 612 3922 ignominias
632 3839 859 3940 memorem,
887 3833 952 3915 aut
969 3841 1056 3924 quae
1074 3815 1238 3926 plurima
1254 3817 1396 3908 inultus

323 3979 447 4098 Pullus
466 4005 507 4080 cs
526 3977 688 4092 indigno
709 4007 874 4098 corpore
892 3979 1066 4104 ludibria.

1346 4153 1423 4248 Hei
