3180 5184
376 249 562 331 Humur
597 267 657 326 uu
692 244 860 328 Rruus
894 244 1133 331 Drvrurs.
1289 276 1337 346 ι,

162 465 305 570 Instar,
327 464 396 569 ait,
415 461 522 548 fimul
540 461 590 546 ad
608 460 752 566 laudes,
776 471 817 544 &
834 462 1005 546 carmina
1025 463 1134 546 laetus

163 638 393 740 Interrupta
406 629 523 735 redit,
550 629 755 738 cantusque
771 629 969 737 instaurat,
990 641 1031 713 &
1048 627 1143 712 illud

164 797 360 904 Sanffius‚
379 825 425 882 ac
440 795 554 881 claris
578 794 696 906 longe
712 792 905 879 sublimius
924 797 1031 880 astris

164 966 270 1049 Cum
290 963 402 1048 sociis
420 965 551 1047 lumen
566 959 670 1048 canit
688 960 904 1066 indeseffus,
930 973 971 1046 &
990 962 1129 1074 usque:
1278 995 1336 1052 40·

161 1133 277 1214 Laeta
293 1131 436 1214 cohors
454 1155 586 1242 regem
605 1127 699 1212 laeto
716 1127 884 1212 clamore
906 1124 1088 1233 salutans,

163 1297 342 1402 sanetus,
361 1298 536 1400 sanstus,
553 1294 622 1400 ait,
643 1297 818 1401 Sanum,
834 1314 895 1377 ter
912 1295 1088 1403 maxime,
1107 1312 1243 1404 terque

85 1533 90 1540 .
162 1463 347 1572 Optime,
366 1493 447 1575 quo
465 1461 597 1547 melius
615 1461 725 1568 nihil,
748 1481 788 1545 at
804 1460 900 1545 nihil
918 1463 1049 1546 omnia
1065 1487 1144 1572 prae
1158 1480 1211 1544 te.

160 1629 232 1713 Tu
249 1653 363 1741 pater
379 1659 435 1737 es,
456 1653 501 1714 tu
517 1653 558 1713 te
571 1627 755 1712 foecunda
771 1652 905 1714 mente
921 1629 1100 1714 volutans

162 1796 379 1904 ipsummet
397 1818 438 1882 te
456 1819 582 1882 totum
598 1795 748 1900 obiens,
774 1796 815 1878 in
834 1815 949 1907 teque
966 1797 1127 1880 reflexus
1277 1827 1330 1885 405

161 1961 351 2074 Concipis
369 1965 450 2076 ipse
470 1963 526 2049 tui
543 1962 776 2072 exemplum,
798 1982 873 2047 tuae
890 1963 1066 2074 imaginis
1082 1963 1210 2071 instar,

160 2126 283 2211 Haud
298 2129 362 2216 ulli
381 2131 516 2235 visum,
540 2128 608 2212 sed
625 2128 903 2213 inobservabile
919 2131 1104 2240 prorsum.

163 2292 251 2376 Ceu
271 2323 357 2380 cum
375 2296 501 2382 secum
521 2294 665 2406 aliquid
683 2296 864 2382 mortales
880 2298 997 2381 farier
1012 2299 1087 2382 orsi

161 2457 406 2570 Concipiunt
423 2463 542 2547 tacito
557 2481 649 2544 ante
664 2461 789 2544 latens
806 2464 846 2544 in
865 2465 1026 2573 periture
1040 2465 1215 2570 verbum,

160 2624 295 2738 Qam
313 2655 391 2712 vox
408 2653 536 2740 pereas
555 2627 684 2750 audita
700 2624 838 2710 edatur
856 2629 896 2710 in
915 2654 1037 2718 auras.
1275 2657 1332 2716 4¹0

159 2790 242 2874 Sed
257 2793 362 2903 quod
381 2815 422 2878 tu
441 2817 570 2884 tecum
587 2814 721 2890 mente
739 2795 877 2908 ingens
893 2796 1062 2904 concipis
1076 2799 1169 2904 alta,

160 2957 488 3046 Verborumhaud
497 2960 615 3044 simile
625 2960 954 3070 esthomim'r,dum
965 2961 1082 3046 corde
1090 2982 1330 3073 premuntur3

159 3123 241 3208 Sed
259 3123 337 3210 fine
351 3128 544 3240 principio
559 3125 664 3211 dictu
683 3128 856 3211 mirabile
875 3129 1048 3236 verbum,

158 3291 285 3402 Qud
302 3290 452 3404 semper
470 3295 558 3399 fuit,
582 3294 650 3398 est,
673 3305 714 3378 &
730 3295 806 3376 eris
819 3293 896 3378 sme
913 3296 1004 3402 fine,
1026 3295 1105 3380 fine
1118 3298 1198 3381 uilo

160 3459 329 3543 Interitu
347 3480 547 3564 eremum,
570 3461 752 3570 nulloque
770 3460 960 3564 obnoxius
975 3487 1060 3546 aevo
1273 3494 1326 3551 υς

157 3627 315 3729 Faetus,
335 3626 385 3709 ab
400 3647 549 3710 eterno
564 3628 731 3742 genitus,
750 3624 829 3708 fine
849 3647 972 3709 matre
990 3651 1153 3736 parente

158 3787 295 3894 Filius,
319 3809 468 3877 aeterno
486 3791 615 3904 proles
634 3819 799 3904 aequaeva
816 3793 979 3899 parenti.

160 3960 324 4068 Semper
341 3983 398 4062 es,
417 3968 459 4045 δι
477 3987 671 4071 nunquam
689 3982 819 4044 tecum
836 3961 967 4042 unicus
984 3959 1063 4069 ipse
1078 3959 1191 4064 suisti,

160 4125 270 4238 Qin
285 4121 406 4212 fuerit
421 4142 550 4211 tecum
565 4128 712 4235 pariter
730 4153 883 4238 quoque
906 4125 1071 4220 &unica
1085 4125 1225 4237 proles.

830 4293 905 4375 Cz
1212 4289 1329 4368 Avo·
