3160 5198
350 258 534 336 Hrnm
570 271 629 330 ue
663 249 832 332 Ritus
864 249 1105 336 Divum.
1235 253 1307 336 tir
1379 319 1382 326 ⁴

142 471 327 556 Praesatns
344 469 492 554 sancto
510 467 566 556 nil
587 468 627 555 se
645 465 864 554 convellere
881 463 1001 578 leges,

143 638 222 722 Sed
239 640 368 750 legum
388 661 549 724 arcanos
567 635 720 745 penitus
740 629 937 718 recludere
952 625 1097 737 sensui,

144 800 373 916 Amotisque
391 800 519 913 palam
536 799 686 890 nebulis
702 797 906 886 ostendere
925 797 1069 884 Solem.
1146 857 1150 868 ·
1261 817 1315 878 rt·

144 971 255 1052 Dum
273 970 456 1081 loquitur,
476 969 620 1058 circum
637 972 708 1054 ora
721 967 846 1074 silent,
872 977 914 1052 δε
931 961 1098 1050 sensibus
1112 965 1198 1048 imis

132 1133 311 1246 illapsus
328 1135 458 1221 faciles
477 1135 706 1241 animoque
724 1131 997 1220 molliafando
1041 1237 1042 1242 Ν

148 1300 281 1414 Fingit
295 1299 414 1387 corda
430 1326 625 1413 premens,
645 1301 819 1416 vivaeque
835 1299 1032 1411 loquentis
1047 1295 1097 1382 ab
1113 1323 1184 1382 ore

150 1467 250 1556 Visae
267 1469 372 1554 exire
389 1468 506 1576 faces,
532 1469 721 1582 labrisque
740 1493 940 1580 erumpere
958 1467 1137 1572 flammae,

150 1641 203 1718 Et
217 1635 373 1721 vibrans
390 1656 507 1748 rupto
528 1638 635 1722 velot
652 1635 797 1722 aethete
815 1637 947 1750 lingua
963 1655 1114 1722 tonate.
1265 1651 1317 1723 165

150 1804 316 1914 Jamque
333 1805 570 1890 Palaestinam
585 1803 745 1890 monitis
763 1804 989 1913 impleverat
1005 1829 1129 1906 oram,

151 1971 282 2080 Atque
300 1998 450 2075 omnes,
476 1997 599 2084 genus
613 1971 801 2058 Isacidum
818 1933 911 2082 quas
930 1969 1063 2056 incolit
1081 1967 1196 2052 urbes

152 2134 363 2248 cornigeri
381 2135 527 2251 degens
544 2137 612 2222 sub
626 2139 723 2222 vatis
742 2136 890 2250 legibus
905 2164 1041 2242 aevutn,

154 2299 254 2414 Cum
272 2326 385 2412 patet
402 2304 653 2414 omnipotens
669 2307 806 2416 templi
823 2307 864 2388 in
881 2300 1139 2420 penetrqlibne
1154 2300 1239 2385 altir

154 2467 288 2551 Astitit
303 2473 447 2577 oranti,
465 2492 582 2582 atque
595 2472 689 2556 alias
708 2497 866 2588 quoque
884 2471 970 2555 luce
988 2485 1164 2594 carentes
1268 2499 1322 2555 n·

154 2629 266 2746 Jnffit
282 2633 389 2718 adire
406 2637 552 2750 plagas,
574 2635 739 2760 eliasque
756 2636 948 2744 capessere
967 2653 1118 2746 gentes,

156 2799 389 2928 Barbaricas,
409 2802 637 2918 Graiasque‚
656 2803 833 2914 Italoque
850 2809 874 2886 a
892 2799 1075 2915 sanguine
1093 2817 1232 2903 cretas,

157 2965 267 3080 Qas
286 2967 446 3076 coleret,
466 2968 632 3081 lucisque
644 2999 762 3057 novae
779 2968 984 3080 splendore
997 2967 1145 3081 ‚rigaret
1379 2932 1382 2936 .

156 3132 226 3216 Nil
245 3135 404 3243 veritus,
423 3137 547 3222 fidens
566 3138 621 3220 nil
636 3138 676 3221 se
691 3135 878 3248 presente
894 3135 1062 3220 timeret.
1147 3193 1152 3200 -

156 3305 265 3412 Ergo
282 3299 402 3386 animi
418 3302 631 3456 inffQ'dsss
647 3303 703 3392 nil
721 3303 785 3386 ille
802 3301 988 3412 horrebat
1005 3297 1147 3405 acerbi,
1271 3329 1321 3388 tar

157 3469 310 3551 Omnes
328 3493 398 3578 per
413 3491 560 3580 inertes
578 3491 711 3554 mente
728 3467 1008 3580 imperterritus
1026 3466 1110 3554 ibat

159 3637 307 3742 Sponte
325 3636 406 3734 sua;
434 3664 528 3748 quas
544 3663 746 3742 aerumnas,
767 3659 864 3745 quos
881 3653 1014 3718 mente
1031 3632 1186 3741 laborer

138 3769 306 3886 ¹Invicla
321 3804 423 3910 tulit,
445 3803 521 3888 huc
537 3803 639 3908 illuc,
657 3820 838 3911 terraque
859 3801 1033 3912 marique

156 3970 358 4084 JaCiatns?
383 3998 465 4076 non
484 3969 547 4054 ille
561 3967 684 4080 dapis,
705 3995 787 4051 non
803 3965 866 4050 ille
881 3964 1036 4079 quietis,

156 4140 238 4223 Aut
255 4134 383 4223 somni
402 4163 554 4238 mentor
567 4133 747 4244 instabat,
768 4133 992 4248 placitoque
1008 4129 1136 4226 laboti
1294 4211 1299 4220 .
