3180 5184
253 305 307 364 20
470 276 646 368 Mutum
684 273 1016 354 Hmuouutu
1053 273 1196 358 Vtun

253 485 416 576 Avobis
435 511 632 596 nunquam
650 483 747 568 alter
766 484 870 576 abest
876 531 889 587 3
918 485 1089 600 regnatis
1107 503 1271 597 uterque
1365 519 1426 582 420

254 657 536 763 Omnipotens,
559 663 599 738 δι
617 673 778 762 uterque
795 652 947 766 ingens,
962 653 1167 742 immensus
1185 673 1360 766 uterque,

253 828 308 906 Et
325 820 470 931 pariter
484 819 606 926 Deus,
627 817 854 930 aequalisque
873 821 1051 931 potentia
1067 821 1231 932 utrique.

254 989 366 1101 Qin
384 997 425 1070 &
440 985 666 1092 concordes,
687 987 828 1097 vosque
847 989 950 1080 iuter
965 1007 1097 1080 mutua
1114 1005 1288 1082 amantes
1406 1033 1410 1040 ⁴

256 1155 468 1240 Communi
485 1152 612 1262 (nullis
628 1180 727 1263 opus
741 1154 962 1244 extricabile
979 1155 1120 1266 verbis)

210 1295 212 1300 ⁵
257 1321 402 1410 Afflatn
418 1340 607 1411 aeteruum
627 1321 776 1433 semper
794 1323 944 1432 spiratis
963 1347 1148 1416 amorem.
1366 1352 1423 1412 ut

258 1487 457 1600 Qipdque
475 1489 525 1576 ab
541 1508 706 1599 utroque
721 1487 820 1596 fluit,
840 1489 1013 1584 consotti
1030 1486 1180 1598 spiritus
1198 1514 1289 1574 aura

209 1729 216 1742 .
258 1659 419 1742 Numen
434 1656 566 1761 habet,
590 1656 812 1769 pariterque
828 1661 938 1748 Deus
956 1680 1110 1770 quoque
1128 1673 1268 1768 regnat
1286 1652 1430 1762 ubique
1495 1779 1498 1781 -

106 1922 114 1936 ,
260 1825 542 1935 Omnipotens,
562 1852 630 1908 ceu
654 1843 711 1928 tu,
737 1823 1001 1938 omnipotens,
1022 1849 1092 1911 ceu
1107 1823 1229 1918 Filius¹
1240 1823 1304 1931 ips
1315 1885 1333 1914 ,.

259 1991 361 2074 Tres
380 2013 512 2076 tamen
530 1993 603 2076 esse
620 1995 731 2078 Deos
751 1990 861 2102 siquis
880 2009 1007 2098 putat,
1027 1989 1131 2080 avius
1150 2013 1275 2088 erran

261 2163 399 2242 Unum
415 2185 560 2250 numen
576 2156 677 2242 idem
694 2157 814 2242 tribus
831 2157 901 2261 est,
921 2156 1043 2246 tribus
1062 2157 1346 2264 una-voluntas,
1368 2193 1432 2260 ῳ

261 2329 357 2410 Una
372 2326 585 2436 eademque
605 2323 725 2412 tribus
740 2345 893 2429 natura,
914 2344 1030 2433 atque
1047 2351 1124 2414 uua
1141 2321 1325 2436 potestas,

262 2491 517 2605 Majestasque
533 2491 683 2598 eadem,
707 2513 825 2602 atque
843 2496 972 2578 Deum
993 2509 1054 2579 ter
1070 2490 1231 2613 uicimus
1246 2515 1380 2579 uuum.

263 2657 592 2772 Qndoquidem
608 2659 714 2770 quod
732 2679 789 2760 tu,
812 2656 856 2742 sit
873 2659 1045 2770 quamvis
1064 2657 1348 2760 attenuatur,

263 2825 381 2909 Haud
400 2846 532 2912 tamen
551 2826 606 2910 est
625 2825 691 2934 qui
708 2845 765 2927 tu,
787 2825 842 2915 ast
859 2824 949 2912 atius
966 2845 1187 2916 numeratur
1205 2824 1365 2928 utemis,
1431 2815 1437 2826 ’

263 2985 353 3074 Nec¹
369 3009 483 3076 natus
500 3009 611 3100 patet
629 2989 696 3092 est,
724 3013 795 3070 nec
815 3009 927 3074 natus
946 2989 1111 3098 spiritus,
1139 3011 1206 3076 aut
1223 3012 1267 3082 tu
1373 2981 1432 3086 ω’

265 3156 476 3260 Altemter,
501 3155 666 3241 vestrum
686 3154 749 3243 suu
768 3155 855 3240 suut
873 3155 1089 3244 discrimine
1107 3179 1218 3243 certo

265 3331 434 3408 Munera
451 3322 607 3432 cuique:
637 3318 730 3405 nihil
748 3317 946 3407 confusum
963 3323 1032 3425 est,
1054 3322 1169 3434 inque
1185 3323 1373 3425 unium

265 3489 583 3602 Tergeminoque
598 3493 706 3578 Deus
724 3488 844 3599 polles
862 3489 1075 3579 cumulatus
1094 3488 1257 3576 honore.

266 3658 331 3742 Te
349 3656 472 3744 nullus
489 3657 563 3744 suit
581 3679 672 3744 unte
693 3662 814 3762 Deus,
841 3687 967 3768 neque
981 3657 1066 3764 post
1085 3655 1159 3742 erit
1173 3657 1289 3742 ullus:

268 3829 382 3908 Unus
402 3851 457 3929 es,
479 3845 628 3945 aeterno.
647 3826 712 3935 qui
731 3827 886 3910 numine
904 3801 1252 3934 ctmsiugubemas
1378 3855 1439 3909 ⁴4·

268 3987 448 4094 Abditus,
473 3992 625 4104 ingens,
646 3992 910 4098 omnipotens,
929 4011 987 4070 ter
1005 3990 1148 4098 ubique
1163 3985 1401 4090 tremendus,

263 4157 421 4244 ,Cuncta
437 4155 636 4268 supercilio
651 4158 840 4268 quatiens,
860 4157 999 4242 cuneta
1016 4157 1104 4268 igne
1125 4152 1284 4244 torttsco
1341 4130 1349 4140 Ι

1335 4321 1439 4404 Ter-
