3168 5190
310 299 388 372 240
524 272 710 350 Mnncr
743 270 1079 354 Hrrnoicrrnt
1118 277 1261 361 Vrort

307 491 472 600 Jamque
490 484 707 572 sacerdotes
724 485 836 584 casti,
859 486 939 594 jam
957 487 1120 596 pectora
1137 493 1258 577 virtus

305 664 426 745 Nunc
436 658 599 742 meliora
607 651 824 757 hominurn,
834 652 932 735 resti
945 651 1067 737 modo
1079 656 1471 768 inhospita,habebat;

304 831 395 941 Jam
414 825 568 937 templis
586 821 763 930 antiquus
779 817 919 922 honos,
942 819 1023 930 jam
1039 820 1195 908 debitos
1213 825 1289 908 aris
1430 847 1466 906 u

305 993 443 1078 Cultus
457 1011 555 1100 erat,
575 987 779 1098 cunctique
798 985 886 1070 suos
901 983 1122 1073 desuescere
1141 1017 1270 1076 mores

304 1167 454 1272 Sponte
470 1156 548 1264 sun,
572 1152 813 1267 priscumque
830 1171 923 1236 aetas
936 1152 1162 1238 meditarier
1176 1184 1309 1243 aurum

302 1327 490 1432 Decolor,
512 1333 553 1408 &
571 1319 684 1408 verfis
701 1319 778 1405 hoc
792 1323 872 1404 sole
893 1317 1081 1404 nitescere
1097 1323 1229 1407 rebus:

302 1495 450 1580 Omnia
468 1489 600 1592 laetari,
624 1484 710 1597 spes
727 1485 825 1571 heu!
843 1485 912 1571 sed
928 1487 1084 1598 pascere
1100 1490 1248 1575 inanes.
1419 1525 1453 1579 ν·

300 1661 454 1758 Consta
468 1655 563 1742 Euri
579 1655 753 1740 volucres
767 1651 984 1764 sparserunt
1000 1671 1096 1739 vota
1111 1681 1182 1764 per
1196 1685 1327 1743 auras:

298 1831 481 1940 Namque
495 1833 603 1910 ecce!
626 1820 667 1904 in
682 1818 915 1908 mediocum
929 1847 1018 1908 vere
1032 1824 1253 1936 tepentibus
1271 1825 1367 1911 auris

297 2001 387 2111 Jam
403 1997 503 2079 viret
520 1989 648 2077 omnir
661 2012 767 2100 ager,
793 2015 880 2072 cum
894 1989 1003 2075 mille
1019 1988 1213 2074 coloribus
1226 2017 1318 2077 arva

295 2163 403 2248 Pisto
419 2161 561 2263 nitent,
582 2151 810 2269 tenerasque
824 2156 953 2240 omnis
971 2155 1051 2240 sese
1066 2155 1195 2241 induit
1214 2161 1328 2246 arbos

294 2337 342 2416 In
358 2329 531 2434 frondes,
556 2321 777 2430 tolluntque
791 2345 907 2433 caput
923 2323 1017 2428 sata,
1044 2333 1085 2408 &
1099 2327 1234 2410 omnia
1251 2327 1388 2436 rident,
1412 2359 1442 2422 n

293 2498 398 2583 Turn
416 2492 543 2580 tacitis
562 2490 645 2602 spec
663 2490 840 2602 agricolis
857 2490 1080 2578 accenditur
1097 2493 1249 2604 ingens,

292 2673 346 2750 Et
360 2661 515 2772 cupidas
529 2659 683 2769 penitus
698 2653 864 2742 subeunt
880 2685 983 2742 nova
999 2657 1139 2771 gaudia
1153 2679 1306 2744 mentes

290 2829 376 2914 Aht
396 2829 557 2954 nimiom
573 2825 715 2938 ignaris
732 2825 799 2910 fibi
817 2823 924 2910 coelo
939 2847 1084 2937 quanta
1099 2848 1258 2936 paretur

287 2997 533 3105 Tempestas:
555 3020 723 3104 namque
737 3003 845 3078 ecce!
864 3017 979 3076 ruens
994 2994 1100 3078 venit
1115 2991 1272 3076 horrida
1290 2989 1441 3107 grando,

287 3165 479 3270 Spemque
495 3159 589 3242 anni
599 3188 674 3244 una
691 3158 773 3244 dies
791 3158 931 3264 aufert,
957 3179 1020 3243 tot
1036 3161 1174 3245 acerba
1191 3159 1363 3249 taboresr
1409 3183 1440 3239 to

284 3333 396 3435 Haec,
411 3333 581 3436 Veronn
598 3347 705 3412 tuom
721 3327 903 3437 populata
921 3327 977 3410 est
992 3325 1149 3410 horrida
1160 3325 1330 3439 agellum

282 3492 524 3604 Tempestas,
544 3495 609 3606 qui
625 3493 745 3578 cultus
762 3515 861 3598 erat,
888 3493 953 3604 qui
970 3490 1129 3576 floribus
1145 3518 1304 3579 omnent

283 3658 450 3744 Afflabat
466 3660 544 3742 late
558 3659 701 3744 circum
715 3659 817 3743 bene
834 3659 1029 3746 olentibus
1044 3685 1167 3772 orem.

280 3827 450 3932 Giberto
466 3827 672 3931 moriente,
687 3825 790 3935 perit
807 3827 918 3911 labor
934 3827 1063 3910 irritus
1078 3825 1205 3908 omnis
1214 3865 1228 3925 t

278 3993 437 4078 l'raefide
451 4023 545 4106 quo,
562 3992 703 4079 tollens
719 4013 837 4101 ceput
854 4019 968 4106 aurea
986 3991 1107 4078 sidera
1126 3989 1273 4100 adibas,
1404 4013 1435 4088 ις

198 4163 201 4170 ’
277 4163 339 4244 Ut
356 4161 498 4271 priscos
513 4161 595 4274 jam
616 4187 697 4246 non
716 4157 846 4244 malles
863 4168 1044 4248 Zenonas
1060 4158 1190 4270 apisci.
1211 4167 1216 4176 '

1284 4323 1432 4415 Occidis
1536 4417 1537 4446 Ν
