3180 5184
341 232 530 316 Humu
567 191 1104 320 nannouD1v1u1s.
1255 263 1308 340 79

131 449 314 534 Flumina
328 471 473 538 venatu
491 445 601 532 tenui
617 443 697 530 line
711 473 822 533 mure
837 445 1057 563 trahebant,
1185 441 1205 448 ”
1253 485 1309 551 m

134 616 283 704 Edoffi
300 644 403 705 nuuc
419 619 517 702 mira
532 631 678 699 canunt
694 636 889 727 praecepta
903 645 976 729 per
992 619 1125 704 urbes:

27 853 29 899 j
132 783 343 872 Continuo
360 797 571 898 penetrant
584 779 689 866 aulas
707 789 748 867 &
762 781 897 868 limina
910 812 1064 900 regum,

132 949 295 1038 Contra
312 954 413 1040 stare
430 951 507 1037 auli
524 948 708 1034 folionum
718 937 853 1036 'edicta
869 949 1048 1062 superba,

24 1091 25 1153 ²
131 1115 372 1234 Billenique,
398 1119 600 1206 homiuum
624 1141 747 1230 genus
764 1119 817 1225 id,
844 1136 885 1204 te
903 1119 1063 1230 praelide
1082 1119 1174 1206 freti

22 1321 23 1376 3
131 1283 316 1374 Extinei
330 1285 451 1392 ducis,
477 1284 688 1374 acdevieta
702 1313 726 1369 a
742 1303 871 1370 morte
888 1287 1037 1374 reducti
1254 1309 1312 1385 ³6·

134 1451 291 1539 Nobile
308 1473 535 1572 pergentes
552 1479 689 1540 omues
708 1478 847 1539 vexere
864 1453 1094 1564 tropheum,

136 1620 191 1698 Et
206 1617 359 1706 fidium
373 1620 575 1736 egregium
591 1640 720 1706 totum
738 1619 906 1732 sparsere
923 1647 995 1732 per
1008 1623 1158 1710 orbem.

138 1782 242 1870 lude
257 1788 336 1896 alii,
363 1807 483 1903 atque
501 1788 565 1872 alii
583 1807 697 1873 tauto
713 1814 788 1899 pru
801 1789 962 1876 nomine
978 1791 1076 1880 vitas

140 1949 327 2040 Effudere
345 1957 492 2042 alacres
508 1956 700 2068 inaperta
717 1955 884 2065 pericula
901 1977 1052 2045 euntes.

144 2119 279 2232 Atque
292 2123 351 2208 ita
364 2142 554 2208 terrarum
572 2124 692 2208 totius
709 2122 888 2234 protinus
904 2125 1011 2212 urbis
1257 2151 1311 2228 ³⁶5

145 2282 253 2373 Tam
265 2291 389 2378 varias
406 2291 549 2405 linguis
566 2309 706 2405 gentes
721 2316 838 2404 quam
852 2289 1024 2378 moribus
1038 2318 1175 2382 omnes

148 2451 328 2564 Junxiffi,
351 2477 398 2544 ut
416 2457 583 2570 populus
600 2453 735 2543 iisdem
749 2457 820 2542 sub
837 2457 986 2572 legibus
1001 2485 1099 2544 unus

147 2619 359 2738 Extemplo
372 2625 498 2733 fieret,
524 2623 730 2738 studiisque
748 2631 789 2709 &
807 2648 942 2708 umore
958 2623 1122 2709 coirent.

149 2787 238 2876 Hac
253 2789 432 2879 homines
445 2813 490 2878 tu
504 2819 601 2906 pace
617 2792 728 2908 ligus,
753 2789 800 2876 iis
817 2791 976 2877 nexibus
993 2819 1111 2882 uuum

149 2955 295 3065 ΕΜ,
318 2960 506 3048 &vinclo
523 2945 646 3046 uestis
664 2957 749 3045 fera
762 2958 881 3045 corda
897 2961 1037 3046 tenaci.
1262 2997 1320 3062 ,μ

150 3119 445 3212 Infelixdomus
458 3128 537 3232 illa,
563 3125 676 3212 urbes
696 3127 914 3214 coelestibus
929 3123 1004 3214 illn

150 3289 303 3403 Invisae,
328 3319 422 3406 quas
439 3294 531 3410 igne
547 3315 617 3380 tuo
634 3322 716 3380 nou
730 3295 914 3408 plurimus
931 3295 1047 3380 ullius.

149 3455 218 3544 Tu
234 3457 426 3572 placidam
442 3488 513 3573 per
529 3461 648 3550 corda
662 3460 753 3547 seris
771 3461 950 3548 mortalia
968 3487 1118 3572 pacem,

150 3623 379 3741 Blandaque
394 3629 550 3714 mortali
563 3626 716 3742 probes
732 3625 870 3713 solatia
884 3629 973 3716 vitae

150 3793 312 3880 leuna
327 3795 529 3910 ingentem
546 3791 780 3906 perfundens
797 3794 968 3908 undique
986 3793 1184 3882 muudum.
1265 3823 1320 3892 m

149 3963 228 4046 Per
243 3980 287 4048 te
305 3961 398 4048 odia
417 3973 457 4050 lt
471 3961 575 4070 lites,
599 3987 671 4074 per
688 3958 830 4048 teleta
844 3960 946 4046 bella
963 3961 1184 4078 quiescunt:

149 4125 220 4214 Tu
233 4153 375 4246 paoem
393 4129 580 4248 regemne
594 4129 698 4217 inter
712 4127 975 4257 populumque
988 4124 1192 4242 patresque

1218 4291 1326 4378 con·
