3180 5184
254 259 304 334 34
419 268 422 274 ¹
465 233 651 312 Mnncr
687 230 1016 311 Hrenournr
1054 233 1196 315 Vrnn

248 447 475 556 Caeteraque
494 442 684 550 accendis,
705 445 898 556 priscisque
917 445 1099 532 micantia
1117 449 1210 532 coeli

248 610 382 702 Sidera
398 613 482 698 luce
500 633 579 716 tua,
607 623 646 696 δι
662 631 789 695 toturn
805 614 940 724 jubare
958 614 1104 698 aethera
1121 615 1245 698 vestis.

247 781 380 863 Secula
397 801 439 863 tu
457 805 610 886 reparas
628 776 777 888 semper
792 773 980 890 fugientia
997 781 1142 866 mundo

245 947 443 1055 Tempora
459 941 691 1052 dispensans,
712 921 848 1048 annos,
867 943 1091 1056 mensesque
1107 942 1278 1060 diesque,
1351 980 1409 1039 m

244 1115 295 1192 Et
315 1111 408 1195 lucis
430 1107 630 1221 noctisque
648 1137 756 1218 pares
775 1131 817 1194 tu
837 1109 971 1194 diuidis
991 1111 1117 1196 horas.

246 1281 375 1388 Atque
394 1280 499 1363 orbis
518 1277 622 1362 veiut
638 1305 679 1360 es
699 1275 802 1360 sator
819 1279 961 1382 unicus,
982 1279 1157 1362 omnium
1173 1279 1300 1393 origo,

244 1445 305 1526 Sic
323 1447 439 1530 eriam
458 1469 501 1528 tu
519 1445 740 1526 cunctarum
755 1443 963 1526 concordia
978 1472 1119 1551 rerum,

242 1613 306 1694 Tu
326 1613 457 1696 mundi
478 1633 520 1696 tu
535 1629 759 1710 concentus,
783 1630 826 1692 tu
843 1610 1014 1693 consona
1030 1611 1142 1694 Musa

128 1775 138 1810 ⁸
242 1785 431 1888 Perpetua
449 1779 488 1860 in
506 1777 642 1860 seriem
661 1775 820 1858 nediens
836 1775 1028 1860 elementa
1044 1797 1202 1882 catenas
1349 1817 1413 1875 „0

241 1944 519 2055 Suspendisque
536 1967 694 2056 grauem
712 1941 855 2028 telluris
871 1945 912 2027 in
930 1969 1017 2028 acre
1033 1943 1191 2048 molem,

240 2115 292 2192 Et
313 2111 505 2222 suspendis
521 2137 652 2222 aquas,
673 2129 738 2194 tot
753 2109 845 2192 vasti
866 2109 999 2222 stagna
1019 2109 1218 2218 prosrrndi

240 2282 371 2388 Atque
391 2305 503 2388 pares
525 2276 630 2360 orbis
649 2274 717 2360 lati
736 2275 946 2360 moderaris
965 2274 1145 2360 habenas.

239 2445 387 2528 Omnia
402 2443 501 2528 solus
515 2443 610 2556 agis,
633 2442 731 2528 sulus
749 2463 860 2553 pater
874 2439 1007 2526 omnia
1024 2469 1155 2526 curas:

239 2611 328 2693 Nec
347 2632 387 2695 te
405 2613 668 2698 centimanum
681 2611 807 2694 dicam
827 2629 981 2692 tamen:
1011 2633 1052 2692 es
1071 2608 1143 2692 tibi
1160 2627 1269 2696 totus
1348 2639 1407 2702 m

238 2779 325 2884 Ipse
344 2805 491 2883 manus,
517 2777 694 2886 totusque
709 2774 824 2878 ocuti,
843 2773 1032 2888 digitique
1048 2775 1250 2888 pedesque,

238 2941 493 3053 Brachiaque,
511 2953 551 3026 δι
568 2939 714 3022 mundo
729 2967 832 3022 nova
850 2941 994 3026 semina
1010 2941 1145 3026 sufficis
1163 2969 1273 3028 nnuc.

238 3109 374 3218 Usque
394 3135 512 3192 noras
528 3105 674 3188 animas
691 3103 733 3188 iu
751 3105 926 3190 membra
945 3109 1114 3194 recentia
1131 3107 1262 3194 fundis

237 3275 408 3360 Humani
426 3274 578 3386 generis
594 3265 701 3360 satur
716 3269 932 3379 indefessus,
957 3285 997 3358 &
1014 3275 1152 3360 orbem

235 3442 393 3526 Finibus
414 3441 453 3522 in
473 3439 618 3524 cundiis
634 3437 744 3526 variis
761 3437 1018 3522 animantibus
1036 3440 1171 3550 imples
1182 3484 1200 3542 3
1343 3463 1409 3534 56·

234 3610 324 3690 Nec
343 3607 422 3692 srne
440 3630 480 3694 te
494 3609 525 3692 it
543 3607 744 3716 quicquam
762 3631 890 3688 aereas
907 3605 949 3688 iu
961 3607 1115 3690 luminis
1127 3633 1227 3692 oras.

233 3778 306 3856 Per
322 3797 362 3855 te
378 3773 603 3882 concipiunt
617 3771 810 3857 foecundis
832 3771 1014 3856 imbribus
1031 3773 1131 3886 agri,

232 3940 464 4050 Seminaque
476 3935 611 4024 educit
628 3937 709 4024 dias
719 3939 833 4026 calor
845 3938 964 4024 alnrus
982 3939 1023 4022 in
1042 3963 1165 4022 auras.

231 4106 420 4190 Gramine
437 4105 626 4194 convenis
641 4103 742 4204 solas
767 4101 1051 4192 versicoloribus
1068 4127 1162 4196 arva

1301 4268 1403 4357 Flo·
