3180 5184
273 299 326 374 5²
488 277 664 352 Mum
703 274 1031 355 Hmouum
1068 276 1209 360 Viuo

272 487 467 578 Vulnera?
488 509 602 597 quam
619 482 698 569 lata
713 480 951 594 patefactum
966 487 1083 572 molle
1098 481 1263 573 fenestra

271 655 407 743 Festus
425 652 527 737 hiat!
549 653 692 788 plontae
708 679 823 764 quam
839 653 923 737 dira
942 651 1097 765 cuspide
1114 655 1218 738 fixae!

271 829 391 910 Ecce!
413 847 548 908 munus
564 819 687 904 ambae
703 815 809 903 ferro
825 845 980 933 quoque
996 841 1153 905 arantur
1168 841 1297 930 acuto,
1379 855 1452 914 uo

271 987 541 1101 vulnificisque
557 1005 674 1095 caput
690 985 890 1074 redimitus
905 987 1074 1073 sentibus
1086 969 1235 1094 horres,

276 1155 492 1269 Affixusque
510 1153 609 1239 trabi
627 1155 746 1239 vitam
763 1154 861 1244 heu!
888 1181 1045 1268 quoque
1060 1153 1227 1267 denique
1246 1154 1387 1238 fimdis.

274 1324 349 1408 Cui
367 1324 569 1408 hominum
586 1319 662 1406 hoc
680 1319 730 1406 de
745 1341 787 1405 te
802 1321 909 1406 licuit
925 1321 1068 1406 scelus?
1092 1350 1141 1405 an
1157 1324 1264 1404 Deus
1277 1319 1356 1404 istis

274 1489 519 1598 Vulneribus,
539 1487 735 1603 mortique
751 1491 869 1575 etiam
884 1489 1093 1576 succumbit
1109 1487 1281 1572 acerbae?

274 1655 352 1771 1pfi
364 1677 455 1744 tunc
473 1655 592 1741 etiam
611 1655 751 1742 flerunt
767 1679 833 1742 tua
850 1655 1171 1763 funerafmontes,
1385 1683 1442 1741 τις

274 1825 473 1937 Aspraque
492 1827 580 1907 saxo
597 1844 668 1905 tuo
684 1821 891 1909 doluerunt
904 1823 984 1908 fissa
1001 1821 1150 1906 dolore.
1352 1799 1356 1808 ’

274 1989 362 2101 Ipsa
377 2017 515 2100 parens
530 1989 684 2102 frugum
702 1990 781 2074 sese
801 1991 1033 2075 moestiffirna
1050 1989 1157 2075 tellus
1337 2011 1344 2022 ·

274 2155 439 2264 Planxit,
457 2168 498 2242 oc
513 2155 672 2240 insolito
686 2159 842 2240 tremuit
859 2155 1021 2242 succuffa
1037 2155 1191 2270 fragore
1198 2201 1211 2254 ς

275 2326 366 2410 Nec
385 2323 515 2434 potuit
529 2323 712 2428 lacrymas
728 2326 794 2408 Sol
811 2323 1053 2430 difficulate,
1080 2321 1250 2432 serenan}

277 2490 377 2574 Cum
390 2491 614 2606 ferrugineo
633 2487 768 2574 faciem
786 2490 926 2575 velavit
940 2489 1095 2574 amistu.
1386 2517 1446 2581 ψ

277 2655 343 2742 Ah
357 2657 489 2744 dolor!
518 2659 664 2746 admisti
683 2659 818 2743 nullius
833 2657 1018 2762 conscios,
1037 2655 1238 2767 insonsque

276 2823 452 2930 Occidis,
474 2837 515 2910 &
531 2853 672 2935 poenas
684 2825 807 2912 aliena
823 2823 877 2906 ob
893 2824 1053 2910 crimina
1068 2823 1217 2932 pendis,

278 2988 360 3104 Qui
374 3017 501 3101 neque
518 2989 712 3073 eontraxti
728 2991 940 3100 proavicam
956 2989 1006 3072 ab
1023 2989 1176 3102 origine
1193 2987 1362 3098 culpam,

278 3161 367 3242 Nec
383 3157 489 3240 tenui
506 3151 586 3264 ipse
607 3177 714 3237 tuum
729 3157 921 3242 maculasti
937 3157 1097 3240 crimine
1116 3181 1282 3240 nornen:

278 3328 368 3411 Nos
384 3321 607 3408 inconcessi·
618 3321 869 3433 decerpsimus
887 3323 1027 3408 arbore
1046 3348 1176 3432 poma,
1388 3351 1446 3432 ²⁵¹.

278 3488 400 3574 Unde
418 3471 545 3575 omois
564 3489 648 3602 spes
667 3491 796 3576 nostra
812 3489 1026 3600 absumpta,
1043 3489 1210 3604 salusque
1229 3489 1390 3602 sepulta.

279 3659 365 3768 Ipse
384 3679 453 3742 tuo
470 3659 645 3743 conciam
662 3656 801 3741 solvisti
821 3657 1002 3768 sanguine
1018 3685 1160 3752 noxam

279 3823 442 3910 Arboris
461 3825 591 3910 affixus
609 3825 759 3934 plantas
778 3834 818 3908 &
835 3821 992 3906 brachia
1007 3841 1159 3910 tmnco:
1202 3911 1205 3918 ,

280 3992 427 4091 Nostra
447 4019 512 4082 tua
527 3991 577 4078 de
591 3991 695 4114 peste
715 3991 825 4108 salus,
853 3990 902 4090 de
918 3987 1052 4114 functe
1068 3989 1148 4118 vito

274 4149 279 4156 “
1300 4156 1452 4256 Nostra
