3168 5190
304 265 379 338 242
522 227 704 314 Mirer
740 213 1074 312 Hrsnourirr
1112 213 1259 315 Vrob

300 453 379 556 Tu,
397 448 599 532 coelestum
617 448 768 560 agitans
792 445 947 530 mortali
964 469 1130 556 corpore
1148 448 1284 554 vitam,
1417 435 1458 528 nr

300 613 534 727 Oblitusque
553 613 767 722 hominem,
795 624 835 700 δι
850 612 944 697 coeli
960 637 1055 697 cava
1072 613 1203 700 nubila
1220 636 1389 724 tranans,
1537 627 1538 700 Γ

303 784 435 868 Ardua
454 803 643 866 terrarum
659 809 731 866 nos
750 783 924 892 linquere
944 801 1079 865 mente
1088 781 1250 896 jubebas
1256 823 1269 880 ς

282 948 602 1062 'ostendensque
616 950 753 1032 breves
772 973 886 1059 quam
903 946 949 1031 fit
967 951 1143 1034 mortalis
1160 950 1211 1035 ad
1228 951 1317 1038 usus

303 1117 508 1222 Comitio,
534 1145 652 1226 quam
671 1145 744 1202 nos
761 1117 883 1200 fluxos
902 1123 1040 1200 natura
1056 1119 1210 1226 crearit,

304 1281 1146 1396 Suadebascontravulgicommuniavota,
1411 1287 1454 1372 ης

304 1451 495 1535 Mortales
513 1469 767 1534 contemnere
784 1459 893 1560 opes,
920 1471 1173 1534 contemnere
1190 1435 1369 1534 bonores.

304 1616 386 1704 Etsr
403 1617 511 1702 dives
526 1645 646 1726 opum
664 1610 803 1700 flueret
820 1614 892 1701 tibi
914 1617 1028 1726 copia
1045 1617 1209 1727 semper,

304 1786 427 1871 Dives
444 1813 577 1896 opum,
596 1783 668 1868 tibi
682 1811 818 1894 parcus
836 1808 936 1888 eras,
963 1783 1029 1868 sed
1043 1785 1173 1897 largus
1192 1785 1336 1897 egenis.

304 1953 412 2038 Hinc
429 1955 562 2060 etiam,
587 1979 674 2062 quae
694 1970 844 2035 tantum
861 1950 955 2034 alios
972 1951 1129 2062 quaefita
1143 1947 1298 2066 fatigat,

307 2127 418 2232 Saepe
435 2119 581 2225 oblata,
599 2117 678 2200 alta
697 2119 825 2228 spreta
843 2119 899 2200 est
917 2118 987 2201 tibi
1002 2141 1172 2230 purpura
1189 2139 1339 2204 mente:
1408 2120 1454 2196 rio

305 2293 447 2403 Longe
464 2285 559 2370 alios
583 2283 750 2398 flagrans
768 2283 942 2368 inhiabas
960 2284 1079 2370 corde
1097 2287 1272 2374 rubores.

307 2458 349 2542 si
367 2455 438 2540 tibi
455 2452 536 2538 sors
552 2479 736 2563 unquam,
756 2450 784 2534 fi
807 2473 984 2561 tempora
1001 2453 1106 2536 forte
1124 2452 1312 2538 dedissent

304 2627 383 2706 Pro
404 2621 571 2732 templis,
589 2619 737 2731 arisque
757 2638 865 2702 tuum
881 2619 1052 2705 effudisse
1070 2647 1263 2727 cruorem,

307 2791 440 2898 Atque
458 2789 513 2872 ita
530 2813 722 2898 purpurea
739 2806 855 2898 caput
871 2786 1054 2901 infignire
1072 2813 1231 2894 corona,

308 2954 472 3040 Nullum
492 2953 582 3038 idco
599 2953 784 3037 horrebas
803 2953 1006 3038 discrimen
1020 2953 1160 3066 sponte
1175 2955 1314 3062 subire,
1414 2975 1454 3040 br

308 3123 399 3232 Jam
413 3119 517 3204 duris
534 3122 705 3205 animum
721 3122 883 3206 assuerus
902 3149 1137 3237 quaecunque
1151 3121 1328 3208 ferendo.

306 3291 363 3374 Et
382 3287 580 3401 siquando
595 3289 754 3396 (etenim
774 3291 895 3374 virtus
910 3287 1082 3374 obnoxia
1099 3291 1251 3402 semper

251 3571 253 3576 ι
286 3457 467 3562 rotun,
487 3411 686 3568 inanique
705 3457 790 3566 pros
807 3457 928 3542 onere
946 3457 1118 3566 profani)

309 3623 484 3712 Horrida
500 3623 708 3734 tempestas
727 3643 769 3708 te
788 3643 925 3708 contra
942 3623 1047 3707 forte
1065 3645 1205 3712 coorta
1222 3627 1292 3735 est,

307 3791 537 3877 Inconcusso
555 3791 688 3876 animo
703 3811 744 3876 te
759 3789 935 3876 sudibus
952 3793 1179 3904 opponebas
1418 3822 1463 3888 ις·

308 3959 520 4067 Omnibus,
541 3970 582 4046 δι
599 3955 740 4045 stadins
759 3959 964 4078 temnebaq
976 3959 1116 4046 arduus
1132 3959 1268 4046 undas.

308 4127 398 4211 Nec
413 4145 553 4212 tamen·
565 4125 742 4213 austures
758 4151 883 4230 noxae,
906 4153 993 4212 cum
1011 4125 1176 4236 perdere
1193 4127 1320 4240 posses

1388 4285 1466 4400 Ipse
