3168 5190
381 273 576 377 Hrmnr
599 289 659 350 ou
692 267 860 351 Rssus
885 265 1131 362 'Drv1nrs
1261 305 1335 381 193

178 490 326 577 Omnia
340 513 425 599 quae
441 505 482 570 te
501 506 593 572 tunc
607 484 727 570 oculis
745 484 875 570 vidisse
893 489 1073 597 putarim.

179 666 274 743 Haec
293 656 385 741 ideo
403 653 489 738 sunt
506 653 584 759 illa,
605 651 713 734 nefas
729 679 815 762 quae
829 652 932 740 ferre
946 654 1017 740 sub
1032 683 1142 741 auras
1283 673 1340 755 '435

180 824 341 906 Mortali
359 820 500 929 aiebas,
521 819 589 904 sed
606 818 805 933 relligione
824 822 1047 929 premenda.

180 993 284 1073 Hinc
302 991 450 1100 largum
466 1005 605 1096 epotus
623 989 777 1070 mortali
793 990 952 1098 pedore
969 989 1114 1076 flumen

181 1156 357 1260 Haufisti,
383 1183 462 1265 quo
480 1153 598 1238 corda
618 1154 732 1264 rigas,
757 1181 836 1266 quo
855 1155 988 1263 plenus
1002 1157 1180 1244 inundat.

181 1324 284 1406 Hinc
298 1323 443 1436 largam
462 1321 648 1434 effulgens
667 1321 820 1402 mortali
837 1320 980 1404 lumine
998 1322 1125 1411 lucem

180 1489 355 1594 Haufisti,
376 1516 453 1598 qua
472 1487 589 1572 corda
605 1485 742 1595 reples,
763 1513 841 1596 qua
857 1488 984 1573 nubila
1001 1489 1142 1578 differs.
1286 1533 1343 1594 ⁴4⁸.

180 1663 233 1740 Et
250 1657 341 1738 licet
356 1681 475 1738 omne
495 1655 617 1763 ipsum
636 1652 754 1765 vulgo
771 1651 985 1740 diffundere
1003 1657 1161 1766 flumen,

181 1826 448 1934 Arcanamque
468 1819 537 1903 tibi
555 1821 717 1902 vetitum
736 1818 780 1900 ht
795 1820 962 1929 prodere
979 1821 1125 1908 lucem:

180 1995 366 2076 Attamen
383 1989 462 2099 ipse
479 1987 579 2070 adeo
597 2006 747 2070 torrens
763 1983 847 2070 fluis
863 1989 1045 2102 undique,
1066 2013 1109 2076 ut
1125 1991 1174 2078 ad
1191 2020 1266 2078 nos

180 2155 376 2242 stillantes
394 2155 551 2237 veniant
570 2149 781 2236 transfusrm
800 2155 839 2236 in
856 2156 1014 2264 pedlora
1031 2177 1167 2270 guttae,
1326 2221 1328 2228 .

179 2327 289 2438 lique
307 2343 376 2407 tuo
390 2318 517 2429 erupti
534 2319 627 2402 radii
646 2318 695 2402 de
713 2320 803 2402 Sole
823 2319 1052 2406 redundent.
1284 2363 1339 2424 ⁴⁴5

178 2487 412 2572 Timotheus
428 2487 528 2570 bibit
543 2485 648 2592 inde,
671 2483 771 2571 bibit
785 2487 914 2594 Titus,
940 2486 1031 2572 inde
1048 2489 1265 2598 Philemon,

178 2661 230 2738 Et
248 2654 391 2757 Solymi
409 2651 593 2762 imprimis
609 2651 781 2758 hausere,
804 2651 1029 2766 humilisque
1047 2657 1214 2762 Coloffe,

180 2823 355 2934 Cumque
372 2817 527 2929 Epheso
546 2820 630 2905 solo
644 2847 747 2904 nunc
764 2819 922 2903 nomine
936 2821 1038 2904 clara
1053 2823 1296 2927 Corinthuss

178 2996 231 3072 Et
248 2988 408 3092 Galatae,
423 2998 464 3072 δι
477 2984 682 3070 Macedum
698 2985 846 3095 populi,
859 2985 1115 3101 AEmathiique
1131 2991 1310 3102 Philippi,

179 3158 308 3266 Atque
321 3173 460 3264 potens
476 3153 647 3259 Latium,
664 3177 709 3236 ac
722 3179 846 3236 rerum
862 3152 1263 3260 pulcherrimaRoma.
1281 3195 1338 3256 450

177 3322 342 3408 Felices!
366 3320 472 3431 queis
490 3339 602 3428 parta
619 3319 693 3402 tuis
707 3343 753 3402 ea
768 3319 892 3432 gloria
909 3319 1042 3404 didlis:

176 3487 425 3574 Nuncetiam
437 3482 1337 3599 monumentamanent,semperquemanebunt.'

176 3658 285 3741 Salve
299 3653 497 3738 hominum
512 3653 720 3764 interpres!
743 3652 806 3736 lux
822 3653 1000 3762 gentibus
1014 3655 1144 3740 addite
1159 3657 1328 3772 ubique,-

175 3827 295 3908 Nunc
311 3817 415 3924 ades,
435 3820 616 3904 obtentas
633 3819 833 3903 hominum
852 3817 903 3900 de
918 3820 1098 3906 cordibus
1114 3823 1268 3909 umbras

175 3991 340 4074 Lumine
356 3984 470 4095 pelle,
495 4005 561 4069 tua
580 3986 725 4070 lustrati
741 3986 826 4070 luce
843 3985 1034 4087 fruamor3

172 4157 262 4239 Nec
279 4173 346 4238 tua
362 4151 547 4268 quosdam
565 4151 663 4236 adeo
682 4151 818 4238 dubios
835 4154 990 4236 oracula
1006 4152 1185 4264 reddant,

884 4317 966 4416 sb
1288 4328 1338 4414 In
