3180 5184
379 295 1135 390 Hunni-nannusDtvtms.
1289 327 1336 414 53

148 513 323 599 Nostra
338 514 475 622 oritur,
494 509 649 624 latique
667 533 739 597 tuo
754 513 937 630 languore
956 511 1136 608 valemus.
1177 513 1181 520 ’
1287 551 1343 610 ²60

150 687 360 796 Namque
376 679 645 766 licetmortale
660 680 791 766 tibi&
806 677 984 770 eiulabile
1002 675 1141 801 conpus
1207 675 1212 686 ⁸

153 851 300 956 Effet,
321 847 478 936 mortali
489 845 537 933 ut
555 843 689 933 matria
705 843 956 968 de'sangui'ne
973 875 1135 964 cretum,

154 1017 302 1104 namn
315 1003 445 1102 tamen
460 1011 777 1102 fimtonstabant·
790 1022 971 1136 contagia
987 1015 1094 1130 aviti,
1181 1021 1186 1026 ·
1355 987 1358 998 ’

159 1184 408 1298 Antiquam
421 1205 528 1269 notae
541 1179 721 1270 suberant
734 1181 891 1299 vestigia
908 1189 1107 1300 nusquam,

161 1357 312 1468 Qun
324 1345 458 1467 generi
474 1351 653 1463 princeps
665 1347 864 1438 hominum
879 1377 1087 1467 generator
1102 1355 1257 1444 inurens
1284 1355 1337 1456 aa,

162 1525 289 1608 Heu!
307 1547 427 1637 genus
441 1517 575 1606 infelix
592 1513 797 1606 tranfinifit
812 1520 855 1606 in
870 1549 989 1610 omne
1004 1509 1203 1637 nepotum.

169 1651 503 1806 Qndoquitiem
517 1688 749 1773 intemerata
766 1713 903 1800 parens
919 1685 1113 1806 genitricis
1132 1695 1174 1781 in
1192 1693 1279 1778 alvo
1427 1753 1433 1765 .

171 1853 261 1962 ipsa
277 1849 351 1938 snae
365 1852 510 1938 efflanti
526 1849 746 1938 circundata
763 1849 933 1965 animine,
956 1853 1084 1940 labem

176 2019 256 2108 Vel
273 2047 356 2105 non
371 2018 620 2125 admifitsvel
638 2018 814 2130 protinus
826 2019 1108 2110 eluit'omnem.
1135 2025 1138 2034 '
1170 2027 1174 2032 ’

176 2184 248 2270 Tn
261 2186 423 2273 volncn's
436 2185 539 2271 foeta
552 2185 636 2294 tua·
655 2206 724 2272 tuo
739 2181 826 2302 qua
842 2189 1022 2304 sangnine
1040 2213 1155 2275 natos
1244 2316 1246 2324 J
1286 2227 1340 2284 ²70

180 2351 319 2463 Pascis,
342 2364 386 2440 δι
400 2352 562 2440 admoto
578 2355 750 2440 tenebras
769 2355 842 2440 tibi
854 2355 1015 2466 pectora
1031 2359 1168 2442 rostro.

180 2523 316 2635 Agunt
329 2548 415 2608 etas
433 2521 537 2609 sacer
552 2523 630 2630 itte,
648 2525 749 2634 patri
766 2522 989 2608 mantandus
1006 2521 1056 2607 ad
1073 2550 1178 2607 aram
1239 2527 1244 2537 ’

180 2687 350 2776 meina
364 2710 494 2773 morte
508 2689 617 2778 obita
635 2688 701 2799 qui
720 2686 848 2771 nostra
864 2685 1019 2771 admiffa
1035 2690 1171 2799 pianes,
1191 2693 1193 2700 ’

180 2855 443 2971 Abiueresque
456 2875 526 2942 tuo
540 2884 612 2958 nos
627 2855 750 2940 hostia
764 2849 896 2940 sanna
910 2879 1060 2944 emtore.

181 3019 325 3106 Tantae
341 3024 551 3112 molisetat
566 3049 638 3108 nos
652 3023 744 3107 coeli
762 3021 802 3107 in
818 3049 940 3138 regna
957 3025 1108 3139 reponi,
1233 3059 1235 3064 ·
1288 3059 1339 3118 ut

181 3186 303 3274 Unde
316 3189 452 3301 procul
466 3187 560 3302 palii
576 3187 784 3282 malesuadi
801 3187 934 3274 fraude
948 3191 1097 3277 colubri
1133 3195 1137 3202 '

180 3353 345 3442 sedibus
358 3358 505 3472 ignotis
524 3375 587 3442 tot
602 3355 720 3471 longe
739 3356 945 3441 erravimus
963 3385 1099 3467 annos,
1185 3363 1188 3370 ‘

180 3521 339 3612 Pellaeis
353 3525 515 3632 colubri,
533 3524 699 3609 hamata
716 3522 782 3634 qui
797 3523 951 3636 agmine
966 3522 1096 3611 caudae

181 3697 369 3804 Magnam
384 3690 504 3776 etiam
523 3692 697 3802 superum
714 3689 882 3774 detraxit
897 3688 947 3772 ab
964 3689 1107 3776 aethere
1125 3714 1288 3806 partem.

181 3855 316 3944 Vincis
330 3857 390 3942 iot
409 3878 527 3970 atque
541 3857 665 3963 hydro
682 3856 838 3943 tandem
855 3855 1073 3942 obluctatus
1092 3859 1232 3944 acerbo
1289 3875 1346 3939 att

181 4023 360 4118 Infernas
373 4044 553 4136 penetras
569 4021 691 4135 sedes,
711 4033 751 4112 δι
767 4041 894 4111 morte
909 4019 1064 4115 subacta

1244 4191 1348 4284 Vivit
