3160 5198
33 151 35 238 l

32 241 35 330 l
275 307 353 388 tle
490 305 1226 388 MancrHrrsnourmrvrun

272 513 401 605 Multa
417 543 580 630 querens
596 519 708 628 super
723 520 909 624 extincto,
927 516 1039 627 super
1056 518 1194 602 arbore
1210 520 1333 604 multa
1391 555 1436 615 ut

269 679 429 792 infami,
450 697 492 772 δε
509 711 649 794 poenas
666 685 787 772 fando
801 685 1021 798 integrabat
1038 685 1208 772 acerbas.

273 847 521 961 Obstupuere
540 879 690 955 omnes,
709 851 946 964 nimiumque
967 880 1012 934 ea
1030 853 1126 936 mira
1144 851 1281 956 videri,

273 1016 396 1102 Unde
411 1045 513 1107 nova
530 1016 612 1104 haec
630 1017 787 1126 speeies,
806 1040 886 1102 tam
902 1018 1007 1104 versa
1025 1040 1187 1128 repente
1205 1018 1363 1128 cupido,

274 1187 330 1273 Et
346 1203 519 1270 veterem
537 1185 578 1268 in
592 1186 697 1271 Pauli
716 1185 938 1297 quaerebant
961 1187 1120 1294 pectore
1141 1188 1307 1270 Saulum.

275 1347 393 1444 Haud
411 1353 524 1436 aliter
538 1349 723 1442 suadente
739 1351 843 1438 fame
861 1352 1110 1464 implacabilis
1129 1354 1267 1466 ingens
1390 1384 1441 1438 rso

275 1517 447 1604 Exitium
465 1520 598 1629 pecori
616 1519 736 1604 modo
753 1523 832 1632 qui,
853 1519 1075 1632 caedemque
1094 1519 1269 1629 parabat,

190 1687 202 1708 “
276 1683 348 1768 Ille
366 1684 489 1824 lupus,
508 1687 627 1796 pleno
647 1688 674 1772 li
691 1687 795 1770 forte
813 1707 989 1796 receptus
1007 1688 1098 1770 ovili

276 1842 471 1960 Mitescat,
491 1852 645 1968 jamque
663 1856 766 1938 inter
780 1881 874 1937 oves
895 1854 1071 1938 innoxius
1088 1874 1203 1958 erret,

240 2121 244 2128 ,
276 2027 331 2107 Et
349 2019 509 2132 pavidos
526 2021 686 2126 lambat,
707 2021 912 2134 linguaque
933 2024 1141 2104 remulceat
1158 2048 1295 2132 agnos.

275 2189 368 2272 Nec
385 2213 494 2271 mota
505 2187 586 2301 jam
603 2185 799 2291 Solymum
817 2213 968 2301 magnae
982 2214 1137 2298 quoque
1156 2185 1329 2270 redditus
1342 2181 1424 2270 utbi

278 2355 505 2438 Commovit
524 2375 651 2440 totam
669 2355 847 2439 monstris
866 2354 1087 2467 ingentibus
1103 2381 1232 2440 oram:
1393 2367 1441 2471 ¹⁴2⁶

277 2521 354 2610 Vix
371 2520 492 2604 oculis
510 2521 694 2607 credunt:
724 2549 797 2606 nec
820 2521 983 2632 primum
1002 2523 1132 2606 fiditur
1153 2519 1218 2623 illi,

277 2685 513 2802 Infidiasque
533 2688 587 2799 pii
602 2711 802 2774 metuunt:
830 2689 892 2772 vix
906 2690 1045 2773 ducere
1066 2689 1229 2771 amicum

277 2855 448 2958 Possunt,
472 2883 586 2967 quem
607 2877 669 2953 tot
689 2875 800 2940 erant
816 2858 964 2966 experti
981 2855 1145 2942 caedibus
1164 2853 1328 2936 hostem.

277 3017 391 3094 Parte
410 3013 484 3096 alia
498 3012 632 3124 patriis
652 3015 793 3123 trepidi
811 3041 883 3124 pro
898 3012 1047 3126 legibus
1060 3037 1196 3096 omnes
1393 3039 1441 3106 trs

278 3177 526 3264 Concurrunt
545 3177 648 3284 urbis
665 3179 792 3304 primi,
819 3177 982 3289 durique
1000 3177 1187 3283 resistunt,

276 3349 332 3428 Et
349 3340 389 3426 se
407 3347 585 3430 certatim
603 3367 739 3471 contra
757 3344 1011 3466 exhprtantur
1028 3345 1078 3428 ad
1097 3373 1223 3466 arma:

276 3509 384 3594 Bella
402 3511 521 3636 cient,
541 3513 681 3612 &saxa
699 3511 884 3616 fremunt,
915 3511 1013 3618 rapit
1034 3539 1139 3630 arma
1152 3514 1345 3630 juventus.

276 3676 348 3760 llle
366 3701 495 3762 autem
515 3679 671 3764 nullisve
689 3679 816 3783 minis,
842 3679 999 3794 nullisve
1019 3677 1168 3785 periclis

277 3843 455 3962 Territus
472 3845 656 3955 incoeptis
676 3847 832 3954 perstat,
856 3873 928 3930 nec
946 3843 1115 3933 flectitur
1135 3845 1305 3956 usquam.
1393 3875 1440 3956 'll

277 4013 420 4124 Qove
439 4015 560 4126 magis
579 4033 754 4124 pugnant
769 4037 888 4118 acres,
908 4011 985 4094 hoc
1001 4011 1162 4120 amplius
1181 4037 1252 4111 otc

275 4179 486 4289 Fulminat,
505 4199 619 4292 atque
638 4179 763 4292 aperit
781 4179 890 4272 vetiti
908 4202 1008 4294 nura
1027 4177 1174 4298 lumina
1192 4177 1286 4282 veri,

1350 4350 1443 4427 Prae·
