3180 5184
214 239 234 316 2
428 236 612 314 Mum
652 225 985 308 Hunorum
1024 230 1165 312 Vm

185 527 187 536 ,
211 445 411 564 Qicquid
426 411 482 552 es,
507 449 536 530 ὀ
556 443 704 551 scavis,
730 440 797 528 seu
813 467 936 550 mens,
959 443 1024 528 seu
1043 441 1194 554 spiritus
1212 443 1289 552 ilie,

210 615 291 730 Qi
308 641 428 720 mare,
452 615 517 726 qui
533 633 670 718 terras,
695 611 762 724 qui
775 609 919 696 coelum
938 614 1095 698 numine
1114 613 1298 720 comples,
1329 645 1379 704 ¹45

212 783 363 866 Cunsia
375 807 551 885 movens,
565 798 673 862 mota
688 775 943 886 amplesiens‚
959 779 1136 889 amplexa
1151 783 1384 894 gubernans:

210 947 342 1032 Primo
355 969 397 1030 te
416 947 490 1032 effe
506 945 661 1059 quidem
676 940 807 1028 cunsti
830 943 1028 1052 sentimus,
1052 958 1094 1032 &
1113 977 1245 1056 unum,

211 1113 592 1200 1ndebonums1mu1
607 1110 770 1222 experti,
797 1137 1008 1224 verumque
1026 1143 1217 1200 vocamus.

211 1286 303 1368 Nec
319 1302 452 1367 tamen
468 1308 509 1366 es
528 1299 695 1384 tantum,
719 1278 907 1390 verusque
927 1284 1098 1394 unusque
1113 1281 1328 1398 bonusque,

213 1451 366 1534 Caetera
381 1475 452 1534 ceu
468 1447 620 1558 possunt
636 1445 710 1530 dici
726 1472 880 1558 quoque
897 1449 1102 1560 pleraque;
1132 1449 1198 1534 sed
1217 1471 1259 1536 tu
1327 1487 1382 1546 150

211 1618 337 1727 Ipsum
355 1616 443 1722 effe,
468 1615 590 1724 ipsum
606 1640 738 1718 unum,
755 1638 964 1726 verumque
979 1616 1204 1728 bonumque
1222 1621 1384 1726 vocaris,

213 1787 315 1898 Qae
334 1803 465 1868 tamen
477 1783 581 1866 inter
596 1781 634 1864 se
648 1778 752 1866 haud
770 1778 912 1864 distant
925 1780 1086 1890 diversa,
1107 1783 1302 1897 fedusque

214 1955 312 2034 Sunt
325 1975 500 2035 connexa
515 1947 628 2054 adeo,
650 1967 695 2030 ut
712 1947 868 2056 penitus
882 1949 957 2034 sint
972 1969 1141 2061 quatuor
1154 1981 1283 2038 unum.

212 2121 303 2202 Nec
317 2115 476 2202 confissa
493 2144 574 2200 uno
592 2134 725 2198 tamen
739 2113 991 2200 involvuntur
1006 2143 1158 2226 acervo,

212 2285 370 2402 Singula
392 2283 458 2369 sed
476 2283 636 2393 propria
653 2282 823 2390 ratione,
849 2293 890 2370 δι
908 2283 1067 2368 nomine
1082 2281 1237 2390 distant,
1326 2320 1381 2380 ¹55

213 2459 338 2564 Inque
354 2455 477 2538 vicem
495 2450 642 2537 secreta
657 2449 727 2536 suo
744 2451 783 2535 se
801 2477 962 2536 munere
976 2447 1163 2561 produnt.

214 2621 317 2706 Mira
330 2619 487 2732 quidem
503 2617 606 2704 haec:
636 2618 709 2702 tibi
727 2615 794 2703 sed
812 2617 868 2704 nii
883 2618 940 2702 est
957 2615 1131 2704 mirabile
1151 2645 1285 2730 porro.

284 2787 407 2898 Qod
423 2786 507 2869 fieri
517 2785 666 2894 nequit,
684 2783 765 2892 ipse
776 2806 903 2894 potes,
920 2791 1047 2895 (potes
1061 2787 1194 2872 omnia
1209 2785 1383 2902 quando)

213 2955 303 3038 Nec
319 2952 392 3034 tibi
409 2948 556 3036 visulla
569 2947 718 3032 obstat:
745 2949 946 3062 agisfimul
960 2955 1114 3039 omnia:
1141 2973 1275 3042 necte

213 3119 282 3206 Est
298 3143 397 3228 opus
414 3136 507 3200 ante
523 3115 669 3222 animo,
692 3113 805 3227 quod·
813 3119 907 3234 agis,
930 3117 1080 3204 versare
1098 3119 1236 3236 sagaci.
1326 3145 1383 3202 ιω

215 3283 339 3394 Qud
356 3285 428 3390 vis,
454 3284 495 3369 id
514 3304 640 3394 potes,
666 3281 781 3396 idque
796 3281 905 3368 simul
922 3285 1122 3372 molimine
1136 3287 1246 3372 nullo

214 3451 370 3539 Persicis
385 3452 525 3564 usque:
553 3471 661 3536 tuum
676 3451 767 3538 sane
782 3453 839 3536 est
857 3479 955 3564 opus
976 3451 1059 3562 ipsa
1082 3454 1273 3540 voluntas.

213 3618 337 3733 Qod
353 3619 533 3732 loqueris,
551 3615 645 3706 facis
660 3619 779 3726 idem,
799 3647 898 3731 opus
916 3631 1050 3708 &vox
1068 3619 1198 3708 editur
1212 3649 1300 3708 una.

214 3791 278 3872 Ut
293 3785 404 3894 dixti,
427 3805 470 3872 ut
489 3786 616 3872 subito
633 3785 682 3872 ad
700 3787 860 3882 verbum
879 3786 1069 3872 emersere
1085 3807 1217 3874 creata

216 3951 378 4063 omnia,
400 3964 442 4039 &
456 3979 506 4036 ex
519 3955 643 4040 nihilo
661 3956 787 4065 coepit
803 3951 1065 4065 splendescere
1083 3954 1268 4043 mundus!
1327 3983 1380 4058 165

215 4117 282 4206 Tu
298 4147 428 4240 rerum
446 4141 490 4208 tu
506 4121 750 4236 principium,
773 4142 820 4210 tu
836 4125 1024 4212 tenninus
1041 4121 1170 4210 idem:

1270 4297 1316 4376 1³2
1324 4291 1382 4376 in-
