3160 5198
362 285 548 368 nrum
589 303 651 360 uu
686 279 851 362 Ruaus
888 279 1123 366 Duvrurs.
1277 310 1327 380 97

12 574 13 585 r
146 501 336 605 mystica,
355 501 452 586 &in
470 497 593 582 socios
610 497 745 606 partiri
762 495 937 605 protinus
955 519 1105 578 omnes.

147 671 264 752 Nam
278 668 458 780 fragilem
477 685 724 776 quotcunque
742 665 781 748 in
799 661 917 748 frusta
931 659 1111 745 incideris
1129 660 1265 748 orbem

148 832 341 917 eoelestis
356 833 439 938 libi,
461 831 602 914 Christi
621 829 844 916 inviolabile
859 856 999 938 corpus
1275 863 1328 926 υς

150 999 297 1082 Restat
313 998 415 1082 idem
434 1001 476 1084 in
491 997 653 1102 tundis,
674 998 837 1107 orasque
855 995 1102 1103 ampledlitur
1115 1022 1265 1105 ornnes,

3 1230 4 1243 r
151 1166 249 1246 Nec
268 1163 362 1248 findi
383 1167 424 1247 in
444 1187 573 1274 partes
588 1162 679 1247 ullas
699 1162 829 1246 divina
844 1161 972 1272 potest
987 1161 1052 1247 vis.

150 1331 247 1414 Nos
267 1352 400 1416 tamen
415 1331 612 1414 albentem
628 1325 910 1443 frugemque&
926 1327 1031 1412 fillile
1048 1330 1227 1438 crustum,

152 1499 209 1578 Et
229 1496 394 1608 liquidos
412 1498 542 1580 latices
558 1521 785 1580 veneramur
803 1495 966 1580 numinis
984 1497 1112 1602 instar,

152 1661 360 1774 Nonquia
379 1666 451 1748 smt
470 1661 592 1773 ipsum
611 1673 754 1746 numen
772 1663 882 1746 color
899 1660 962 1745 ille
977 1662 1178 1776 saporque,
1274 1687 1329 1746 ne

154 1829 236 1911 Sed
252 1832 345 1941 quia
360 1832 478 1916 divini
493 1830 565 1916 fint
583 1830 749 1914 numinis
767 1845 1007 1940 argumenta,

155 1995 461 2108 significentque
479 1997 612 2102 oculis,
640 1995 745 2107 quod
764 2023 873 2082 mens
891 1995 982 2078 inde
1003 1995 1115 2082 altius
1134 1997 1300 2105 hauriat,

157 2163 280 2272 Qod
299 2186 499 2275 nequeunt
513 2165 627 2271 oculi,
651 2183 851 2276 nequeunt
869 2161 1108 2272 deprendere
1128 2162 1270 2250 sensus.

157 2333 292 2441 Atque
309 2331 400 2416 ideo
419 2333 561 2445 exiguo
573 2331 707 2445 quovis
727 2330 766 2412 in
783 2329 974 2442 fragmine
995 2330 1190 2418 Christum

157 2496 389 2606 Accipimus,
408 2499 538 2610 quavis
556 2493 693 2582 sacrati
711 2498 750 2580 in
767 2517 878 2606 parte
897 2496 1058 2607 liquoris
1272 2525 1322 2595 nr

156 2659 304 2774 Namq;
313 2665 435 2748 subest
445 2665 675 2772 l'andlumpt
684 2689 879 2774 nunquam
889 2661 966 2745 sme
977 2661 1161 2777 sanguine
1171 2693 1324 2775 corpus,

157 2827 219 2913 Sic
241 2857 397 2944 quoque
414 2859 495 2918 non
514 2829 658 2915 suberit
674 2829 827 2914 sanstus
846 2828 925 2913 stne
940 2855 1107 2940 corpore
1122 2829 1283 2946 sanguis.

157 2995 246 3079 Nec
262 3016 353 3080 toto
368 2997 431 3083 hic
446 2998 580 3110 majus,
603 3019 718 3109 quam
735 3023 821 3108 quae
839 3023 928 3106 pars
947 2997 1022 3080 elle
1038 2997 1201 3084 videtur.

156 3161 337 3276 Qantua
356 3161 425 3273 rbi,
447 3165 511 3251 hic
529 3184 679 3250 tantus:
709 3167 816 3248 Deus
834 3163 937 3248 haud
952 3165 1159 3252 includitur
1175 3168 1260 3254 ullis
1435 3219 1444 3244 κ

154 3331 201 3410 In
219 3327 365 3438 spatiis,
386 3359 458 3418 nec
472 3332 530 3416 fas
546 3331 675 3416 metiri
689 3358 854 3442 corpora
869 3329 1017 3416 sancta:
1268 3369 1323 3431 ιρι

154 3496 298 3580 Omnia
313 3497 382 3605 ibi,
403 3497 465 3584 hic
482 3497 623 3605 omnis,
645 3499 708 3583 hic
726 3499 895 3611 integer,
915 3501 1069 3612 integer
1085 3505 1174 3590 illic.

155 3662 260 3746 Sicut
276 3664 357 3768 ubi,
378 3690 596 3777 quanquam
613 3666 714 3748 ratio
732 3664 894 3772 diversa,
911 3667 1077 3778 liquenti

153 3833 263 3940 Saepe
279 3829 363 3915 lacu
381 3833 420 3914 in
437 3832 595 3914 nostem
615 3835 737 3917 Lunae
753 3833 972 3944 resplendet
989 3833 1122 3948 imago

149 3996 329 4104 Plurima,
356 4007 396 4080 ὅτ
413 3995 476 4082 hic
494 3996 569 4082 illic
586 3998 664 4084 sese
681 3999 963 4110 speculantibus
979 3999 1097 4086 offert
1270 4025 1325 4102 ¹94

130 4227 133 4234 «
151 4163 347 4250 Omnibus
358 4157 477 4276 usque
489 4163 641 4272 eadem,
651 4187 767 4279 atque
782 4167 834 4251 sui
848 4167 929 4276 ipsa
939 4166 1125 4250 fimillima
1136 4165 1242 4280 ubiq;
1254 4171 1323 4254 est.

856 4336 901 4418 N
1269 4335 1324 4434 si,
