3168 5190
359 275 542 355 Humur
577 292 640 350 nu
670 267 837 354 Rruus
871 269 1121 356 Brutum·
1238 301 1316 376 23⁷

150 561 270 737 Jo.
322 555 843 690 unuTuAEo
895 553 1321 692 Grunuro

152 743 154 751 ’
326 755 701 919 vuuounn
746 810 1154 932 uu1scouo,

219 1055 362 1144 Nou
407 1054 483 1134 ru
521 1028 951 1129 ΑΠΟΘΕΩΣΙΝ
986 1049 1260 1132 Ruuaro.

221 1251 230 1275 ι
355 1319 428 1398 UI
447 1333 604 1424 poterat
621 1313 732 1400 fluxis
752 1341 851 1398 unus
868 1314 1084 1400 succurrere
1102 1309 1228 1416 rebus,

170 1312 362 1718 Q
384 1487 517 1602 Atque
533 1486 734 1574 hominum
751 1487 879 1600 lapsos
896 1512 1076 1573 reuocare
1100 1483 1142 1567 in
1163 1483 1321 1595 pristina

500 1688 643 1771 morer,

154 1829 371 1916 Coelestum
385 1831 620 1940 aequiparans
638 1828 795 1914 mortali
810 1849 974 1940 corpore
991 1795 1124 1938 vitam,

155 1997 316 2082 Occidit
325 2015 426 2080 ante
444 1995 563 2102 diem,
589 1995 732 2106 &spes
750 1995 895 2081 nostras
913 2015 1040 2080 morte
1060 1992 1215 2082 fefellit!

53 2237 65 2260 ,
155 2163 310 2248 Scilicet
328 2165 578 2274 omnipotens
595 2167 753 2276 genitor
767 2163 946 2248 mortalia
962 2153 1138 2252 nondum
1302 2190 1317 2250 ς

153 2326 345 2440 Respicit,
369 2329 543 2416 humanis
560 2327 627 2416 sed
648 2331 772 2418 adhuc
788 2329 957 2417 irascitur
974 2329 1082 2416 ausrs.

153 2501 258 2608 Spes*
269 2497 363 2582 mihi
379 2497 482 2606 pacis
502 2515 600 2604 erat,
620 2524 681 2582 reu
699 2499 797 2584 citra
811 2498 917 2608 polle
933 2498 1084 2584 ruinam

154 2673 205 2748 ln
220 2666 356 2750 melius
374 2666 486 2770 verti,
512 2664 604 2749 dum
624 2667 661 2749 se
680 2675 720 2751 δι
736 2662 800 2749 sua
814 2662 969 2776 quisque
990 2667 1176 2750 retractat

153 2837 246 2920 Hoc
262 2832 374 2940 duce,
401 2844 442 2919 δι
458 2833 635 2946 egregias
653 2831 863 2942 priscorum
880 2829 1113 2941 accingimur
1128 2849 1242 2914 artos.

155 3001 280 3114 Hujus
291 3001 396 3084 enim
410 2999 630 3113 simulatque
642 2997 811 3083 Athesim
825 2999 890 3084 lux
902 3017 1064 3110 propter
1075 3025 1272 3094 amoenum
1285 3033 1320 3079 ιο

155 3163 339 3273 Diffulsrt,
365 3165 538 3278 squalens
554 3167 605 3252 ad
623 3187 776 3251 tantum
793 3169 971 3278 protinus
989 3168 1116 3252 omnis
1249 3268 1257 3284 ι

153 3331 361 3419 Obduriios
377 3334 510 3418 oculos
530 3333 662 3444 paslim
674 3333 790 3446 jubar
806 3335 944 3419 extulit
960 3334 1078 3420 orbis.

152 3505 381 3586 Fortunatae
400 3499 552 3586 Athesis
569 3501 676 3611 ripae,
703 3497 893 3611 collesque
909 3502 1029 3606 beati,

153 3666 257 3752 Tam
274 3691 397 3778 prope
416 3688 496 3752 tam
514 3669 661 3752 clarum
681 3666 816 3779 quibus
835 3669 918 3752 unis
935 3689 1094 3754 cernere
1112 3667 1242 3752 lumen

153 3833 348 3948 Contigit,
375 3843 416 3918 &
434 3833 577 3942 primos
591 3855 672 3916 tam
691 3834 808 3918 sancti
829 3834 958 3919 fidens
975 3849 1103 3920 ortus!
1284 3865 1316 3926 ις
1483 3841 1490 3862 ’

151 4000 290 4112 Tuque
305 3999 418 4106 adeo,
436 4007 606 4107 Verona,
623 3999 703 4110 poli
719 4001 972 4111 acceptillima
987 4001 1086 4112 regi,

151 4171 235 4284 Qi
250 4169 367 4252 talem
384 4167 517 4254 Siculis
532 4186 684 4282 partum
700 4167 818 4281 usque
835 4168 971 4273 accivit
985 4167 1036 4302 an
1048 4168 1140 4272 oris,

1252 4337 1318 4418 Sa·
