3160 5198
216 299 293 356 roo
428 277 605 354 Msncr
643 273 977 354 Hrrnourmr
1013 279 1155 364 Vror

209 489 432 592 Haurimus,
458 487 660 598 laterisque
676 487 734 570 tui
751 515 822 572 nos
839 489 975 604 irrigat
993 490 1096 576 unda
1114 485 1117 492 ’

209 658 338 741 Mixta
358 681 488 754 mero;
514 655 643 737 suaves
661 653 795 738 misces
813 681 982 768 namque
999 657 1091 740 inde
1109 659 1291 773 liquores,

209 827 264 910 Et
279 821 382 906 dulei
398 819 599 926 ambrosia,
625 819 727 904 dulci
742 847 816 910 nos
832 825 988 906 nedsare
1004 825 1136 934 pascis.

210 993 274 1075 Ol
298 987 498 1074 hominum
517 987 696 1072 miserate
714 985 871 1094 samem,
886 988 1065 1074 miserate
1079 992 1244 1098 labores,
1327 1027 1390 1086 η,

209 1161 310 1242 Uno
327 1185 416 1242 cum
432 1157 577 1240 satures
595 1175 659 1239 tot
676 1156 770 1240 coeli
786 1160 962 1242 examina
979 1157 1100 1242 uerbo

212 1325 386 1410 Alituum
404 1325 601 1408 coelestum
618 1325 732 1430 acies,
757 1345 821 1408 tot
837 1317 955 1412 millia
973 1326 1145 1410 millium.

210 1495 311 1610 Qa:
328 1493 396 1578 tibi
416 1510 527 1576 tanta
542 1489 630 1596 fuit,
655 1515 782 1576 rerum
802 1491 1071 1602 pulcherrime,
1096 1501 1210 1576 cura?

211 1661 293 1772 Qi
308 1661 378 1743 tibi
395 1681 523 1744 tantus
541 1687 651 1743 amor
673 1659 807 1765 nostri,
833 1681 875 1744 ut
895 1679 960 1743 tua
979 1657 1122 1744 viscera
1137 1659 1250 1743 nobis

210 1827 414 1940 Objiceres
431 1827 635 1936 epulanda,
660 1825 773 1910 dares
790 1847 831 1911 te
851 1829 890 1912 in
907 1828 1058 1936 pocula,
1079 1827 1120 1910 in
1137 1828 1275 1935 escam,
1326 1859 1392 1920 sse

210 1995 322 2108 Qus
337 2014 470 2078 tamen
490 2021 537 2078 ex
555 1994 689 2078 humili
707 1995 847 2076 finxisti
865 1995 1020 2104 pulvere
1033 1993 1230 2106 quondam

209 2161 405 2268 Infirmos,
421 2163 647 2274 decorisque
663 2161 720 2244 tui
738 2159 834 2244 nihil
848 2161 964 2244 instar
978 2159 1190 2258 habentes?

210 2323 277 2408 Tu
294 2327 458 2412 volucris
474 2327 577 2412 foeta
593 2327 669 2433 illa,
696 2345 767 2409 tuo
783 2353 867 2438 quae
886 2324 1070 2439 sanguine
1092 2347 1219 2434 natos,

211 2493 502 2606 visceribusque
522 2495 597 2580 tuis
617 2494 815 2578 terebrato
830 2493 991 2602 pediore
1009 2493 1139 2603 pascis.

210 2653 291 2767 Tu,
310 2665 464 2772 quoties
481 2663 653 2767 facimus,
680 2681 796 2772 teque
812 2659 915 2744 ultro
933 2661 973 2743 in
992 2682 1086 2744 vota
1102 2689 1279 2746 vocamus
1329 2691 1384 2767 ηε

210 2825 430 2913 Verborum
449 2856 656 2934 memores,
678 2826 770 2911 coeli
790 2839 900 2909 ecce!
922 2827 1081 2937 allapsus
1099 2828 1148 2910 ab
1165 2829 1251 2912 aula

210 2991 410 3076 Candidus
428 2995 490 3076 ille
508 2997 615 3080 venis
626 3021 766 3112 agnus,
791 2993 878 3076 viva
896 2993 1019 3079 hostia
1035 2995 1217 3102 adaram,

210 3159 342 3274 Qam
359 3182 531 3244 vetemm
551 3157 841 3269 portendebant
859 3163 1014 3244 oracula
1031 3183 1175 3268 vatum,

210 3323 419 3438 Cordaque
439 3327 568 3410 nostra
585 3329 691 3412 fimus
709 3329 833 3438 replet
850 3341 961 3412 ecce!
981 3327 1140 3436 inopina
1157 3331 1348 3442 voluptas.

209 3491 391 3578 Elicimus
409 3497 517 3578 tenui
535 3495 685 3606 liquidis
701 3516 742 3579 te
761 3521 954 3578 murmure
971 3493 1020 3576 ab
1039 3496 1158 3603 astris,
1328 3523 1387 3598 :sq

210 3659 427 3749 Visceribus
444 3691 524 3746 non
544 3661 672 3746 nostra
692 3664 767 3746 tuis
782 3690 862 3774 quo
881 3661 1022 3743 viscera
1039 3662 1203 3768 alantur,

211 3829 300 3912 Nec
319 3849 406 3913 tuus
422 3851 465 3911 ut
483 3828 631 3941 sanguis
649 3829 769 3912 nostri
788 3855 873 3938 pars
890 3828 1081 3938 sanguinis
1098 3826 1247 3914 haustus

210 3996 361 4080 Evadat
371 4043 383 4098 ς
412 4024 537 4108 neque
552 3997 655 4078 enim
673 3998 836 4082 consulo
853 4021 1017 4106 corpore
1037 3996 1211 4076 inunum

211 4163 425 4282 Miscentur
444 4192 529 4278 quae
544 4183 672 4280 morte
691 4183 824 4248 carent
839 4162 1066 4249 mortalibus
1078 4161 1223 4278 addita,

1333 4331 1386 4444 tt
