3180 5184
270 287 325 370 76
473 273 659 353 Murcr
700 269 1037 350 Hrunouutrr
1076 267 1221 352 Vror

268 489 359 574 Nec
373 487 491 573 semel
511 483 551 568 id
569 482 678 568 satir:
705 499 746 565 at
765 481 918 594 quoties
938 501 978 591 te
995 483 1182 568 avertitur
1198 485 1276 590 ille,

267 655 331 738 Te
350 655 466 740 toties
482 653 585 737 ultro
602 647 735 735 averso
749 647 943 760 placabilis
957 651 1094 735 offers:

267 821 334 907 Est
352 824 473 906 venire
486 821 593 904 locus
608 815 737 930 usque,
764 827 804 902 δι
821 813 967 898 habent
983 835 1143 928 peecata
1156 819 1363 932 regressum
1372 865 1387 920 3

267 989 358 1072 Nec
374 987 540 1099 requies,
566 983 695 1070 donec
710 982 799 1065 uitae
817 979 1035 1066 labentibus
1052 987 1162 1070 annis

267 1155 421 1240 Ultima
439 1152 574 1264 cuique
593 1147 674 1234 dies
693 1146 914 1234 moribundi
934 1148 1134 1236 advenerit
1150 1156 1232 1238 aevi.
1384 1181 1442 1251 ²90

267 1321 419 1407 Tantus
435 1345 546 1404 amor
560 1316 692 1421 nostri,
719 1333 839 1400 tantae
856 1314 1026 1400 custodia
1041 1347 1152 1404 curae.

331 1493 586 1572 Fortunatam
601 1484 788 1568 animam!
817 1483 964 1567 macula
980 1485 1042 1569 cui
1059 1487 1228 1602 contigit
1244 1489 1357 1582 omni

267 1655 436 1738 Detersa
451 1652 570 1738 afflari
588 1671 669 1736 tam
687 1644 819 1733 santsta
834 1647 997 1761 desuper
1014 1665 1117 1760 aur'a,

268 1821 343 1904 Cui
361 1820 473 1904 datur
491 1815 645 1904 incendi
663 1838 743 1902 tam
762 1818 897 1904 santio
910 1815 1072 1928 desuper
1090 1821 1194 1932 igne,

267 1987 429 2097 Semper
447 1999 487 2072 &
503 1987 543 2069 in
560 1984 660 2069 dulci
678 1983 881 2100 flagrando
897 1985 1025 2068 uiuere
1043 1987 1207 2076 flamma.
1384 2021 1435 2094 ²91

266 2147 338 2238 1112
355 2159 500 2257 Deum,
523 2153 746 2237 Drusillam
766 2154 869 2236 ultro
883 2152 1009 2236 bonus
1028 2151 1152 2261 ardet,
1175 2157 1401 2271 amentique

266 2317 480 2434 Indulgens
495 2321 600 2404 ultro
614 2319 764 2404 dulcem
783 2317 992 2430 respondet
1008 2347 1193 2405 amorem.

267 2487 463 2600 Qicquid
479 2489 575 2602 agit,
588 2487 671 2570 fluit
687 2487 839 2571 insolita
856 2483 1060 2570 dulcedine
1075 2491 1235 2590 amoris;

267 2659 429 2766 Semper
447 2679 551 2740 amat
572 2679 712 2763 tecum,
736 2653 916 2766 dulcique
935 2654 974 2735 in
992 2681 1125 2738 artiore
1143 2655 1328 2768 quiescit:

266 2819 375 2904 Tota
391 2823 430 2904 in
448 2850 594 2927 amore,
614 2849 751 2931 parum
768 2844 904 2904 curans
924 2821 1114 2928 mortalia,
1136 2823 1211 2906 fixa
1231 2826 1298 2910 est.
1384 2863 1443 2937 30q

266 2987 356 3070 Nec
375 2988 478 3096 potis
495 2989 551 3070 est
570 2986 691 3096 ipsum
710 3007 789 3068 tam
810 2987 981 3068 sunslum
1001 3015 1144 3070 numen
1164 3019 1307 3096 amare,

266 3152 376 3266 Qin
395 3179 550 3262 quoque
569 3153 751 3248 mortales
762 3153 900 3267 junsio
918 3151 1025 3236 srmul
1043 3155 1178 3241 ardeat
1197 3153 1299 3274 igne.

335 3322 440 3402 Ante
459 3319 554 3406 alios
574 3339 704 3402 tamen
723 3321 768 3406 ut
789 3320 933 3425 felices,
955 3341 1090 3438 terque
1107 3323 1258 3440 beatos,

264 3485 396 3594 Atque
418 3509 569 3598 quater,
596 3484 756 3597 gravida
771 3485 835 3598 qui
855 3506 894 3568 te
912 3489 1109 3598 genitricis
1129 3492 1168 3576 in
1184 3495 1273 3596 aluo

263 3649 498 3760 Hauserunt,
519 3679 644 3764 neque
662 3651 804 3737 dehinc
823 3653 1006 3738 indultos
1024 3657 1177 3742 luminis
1193 3687 1281 3746 oras
1380 3703 1435 3766 305

262 3819 398 3901 Exorti
418 3821 605 3910 orculsere
623 3841 729 3912 tuum
746 3821 795 3904 de
810 3822 971 3930 pectore
991 3849 1147 3931 numen,

262 3985 339 4069 Sed
358 3986 478 4096 culpae
492 4009 661 4090 exortes,
679 3999 718 4074 δε
737 3988 816 4072 vita
830 3989 978 4098 puriter
996 3992 1082 4077 adia

261 4157 470 4239 Servavere
486 4175 591 4244 tuum
612 4155 746 4242 intacti
768 4155 834 4238 sub
851 4153 983 4248 fimere
1003 4185 1149 4246 munus.
