3168 5190
258 319 336 374 210
473 291 657 368 Miner
697 285 1029 366 Hruuouuur
1066 285 1209 370 vinu

256 511 368 614 Meq;
383 501 474 586 ideo
487 500 739 604 indefensum,
750 495 921 610 inopem,
931 515 1047 608 atque
1055 499 1215 612 reliquit
1225 499 1428 610 inermem,

257 671 386 754 Totus
404 669 509 754 adest
525 643 657 752 animo
676 685 821 772 tamen,
842 674 882 748 et
896 683 1069 750 mentem
1087 665 1205 779 erigit
1219 667 1350 752 utam.
1369 703 1424 766 ως

258 835 369 922 Olim
388 856 541 944 tempus
557 835 645 938 erit,
664 859 753 918 cum
769 830 887 916 oorda
905 824 1050 914 ferocia
1064 851 1220 940 ponent
1253 895 1259 904 .

259 1001 494 1107 Romulidae,
511 1012 551 1086 dt
569 1025 720 1112 magne.
735 997 910 1086 Christus
926 995 1192 1082 dominabitur
1208 999 1316 1100 urbi:

258 1170 365 1254 Tum
381 1192 506 1280 neque
524 1191 593 1275 per
608 1186 746 1279 gentes
762 1163 838 1246 erit
852 1159 928 1248 hoc
941 1163 1022 1246 fine
1036 1163 1197 1268 nomine
1210 1165 1372 1256 lethum.

258 1341 356 1420 Haec
375 1359 595 1416 memorans
613 1331 762 1416 medius
774 1337 996 1455 'pet'coetuu
1013 1328 1151 1414 flebili·
1168 1331 1264 1417 ibat.

259 1503 323 1584 Ut
338 1525 432 1584 vero
450 1494 629 1584 infandos
647 1515 874 1604 perventum
891 1493 948 1576 est
963 1491 1131 1606 denique
1151 1493 1202 1579 ud
1219 1496 1346 1610 ignes,
1371 1525 1430 1580 tu

260 1663 407 1752 Rursus
423 1665 493 1770 uit,
523 1662 667 1748 coelum
687 1661 903 1772 aspectant,
922 1659 1128 1771 Solemque
1144 1661 1369 1751 cadentem:

261 1831 395 1918 Ardua
411 1831 503 1916 coeli
520 1831 695 1941 equitans
714 1828 796 1934 Sol,
815 1822 1074 1938 splendorque
1092 1828 1193 1912 alme
1210 1828 1304 1939 diei,

261 1997 590 2110 Qandoquidem
609 2021 795 2106 properus
811 2013 851 2076 te
869 1991 1025 2106 gurgite
1042 1995 1196 2107 tingere
1214 1998 1346 2104 lbero,

259 2152 411 2248 Funera
423 2183 584 2275 uterque
597 2189 736 2274 pateus
747 2187 837 2246 mea
848 2178 988 2270 perte,
1001 2158 1106 2247 hunc
1120 2161 1266 2248 nesciat
1282 2163 1430 2280 ignem,

101 2340 107 2351 '
260 2331 373 2444 Qus
393 2357 493 2416 nunc
507 2329 735 2443 longinquis.
746 2324 934 2436 Hispania
950 2325 1089 2414 dividit
1104 2331 1196 2415 urie
1372 2367 1428 2432 ης

261 2499 383 2584 Fama
400 2495 546 2582 incerta
560 2495 699 2582 mulum
715 2494 820 2605 pn'm
838 2493 911 2578 illu
926 2491 1095 2606 mitiget,
1114 2507 1156 2582 tc
1173 2495 1216 2583 se

262 2665 455 2774 Spemque
473 2651 694 2772 metumque
710 2659 814 2745 inter
832 2659 953 2744 dubio
975 2662 1147 2748 solentur
1157 2689 1311 2774 amore,

262 2833 394 2939 Atque
409 2829 466 2912 ita
481 2825 660 2940 quicquid
675 2827 716 2912 id
729 2827 799 2933 est,
815 2825 1024 2912 effuelctnt
1037 2827 1141 2914 ferre
1154 2829 1347 2916 timendo.

261 2995 360 3078 Haec
374 2992 477 3079 fatus
493 2992 617 3080 sacros
632 2993 800 3080 humeris
813 2993 950 3106 rejecit
964 2993 1147 3080 *amium

261 3157 431 3245 Diffitllit
449 3159 581 3246 roseos
598 3159 732 3247 lumen
743 3161 912 3272 juvenile
927 3185 999 3272 per
1014 3177 1133 3270 artui,
1229 3141 1230 3144 Ὺ
1372 3193 1435 3242 n·

262 3329 316 3408 Et
332 3323 483 3411 dulcem
499 3344 589 3412 toto
602 3327 792 3442 jaculatus
808 3353 975 3438 corpore
989 3349 1164 3414 amorem

262 3491 515 3596 Spedlantum
529 3493 638 3578 molli
653 3491 837 3578 labefecit
852 3491 975 3578 eorda
990 3492 1138 3579 dolore.

261 3657 485 3740 Porredum
506 3655 603 3742 duro
618 3657 779 3745 taudem
796 3658 1007 3746 extendere
1023 3658 1154 3766 nubili,

262 3821 385 3935 Qud
403 3821 548 3918 dudum
567 3823 786 3934 impofitum
803 3824 977 3936 firbjedlo
990 3823 1192 3912 incanduit
1206 3827 1303 3942 igni.

260 3991 451 4082 Avertere
466 3989 599 4077 oculos
614 3989 698 4101 ipfi‚
725 3989 882 4103 visuque
895 3989 1080 4076 nuniuri.

261 4151 504 4263 Abstinuere,
523 4151 597 4241 feri
613 4175 837 4246 execrantes
848 4156 945 4272 julla
962 4160 1128 4269 tyranni.

1322 4331 1429 4418 tror-
