3160 5198
221 333 299 390 110
445 309 626 390 Muses
663 305 988 388 Hssuouuux
1025 303 1163 388 V1us

214 523 271 604 Et
286 517 384 606 duce
399 537 442 606 te
459 521 645 609 audentes
662 519 705 606 iu
722 537 858 630 aperte
870 517 1039 630 pericula
1053 519 1214 628 vadunt,

216 688 538 801 Premittuntque
556 707 667 776 tuum
683 685 892 806 pugnanda
907 687 949 772 in
965 686 1097 798 prelia
1111 687 1273 802 fignum.

218 857 386 968 Jamque
408 857 557 972 Aquilis
574 876 643 944 tua
659 853 912 942 Romulidum
929 881 1044 968 mage
1062 874 1159 941 uota
1174 856 1298 971 figura
1313 854 1393 941 est:

217 1027 310 1108 Hoc
324 1023 435 1138 fignu
452 1023 528 1112 dux
545 1026 586 1110 iu
598 1023 743 1136 campis
757 1023 945 1138 pugnavit
959 1023 1107 1134 opertis

219 1191 390 1297 Inclytus
404 1193 575 1278 infernas
596 1191 711 1298 acies,
733 1187 996 1301 obstoeueque
1012 1209 1151 1276 eontra

221 1357 371 1468 Castra,
391 1360 585 1474 Erebique
601 1362 734 1475 pinges
749 1358 875 1444 vidior
891 1358 1110 1469 penetravit
1124 1357 1175 1444 ad
1192 1357 1304 1468 imas,

220 1528 456 1638 Exemitque
473 1528 559 1639 pius
575 1529 708 1617 vinciis
725 1539 765 1614 δι
782 1552 936 1613 carcere
950 1553 1069 1634 caeco,

221 1691 337 1804 Qus
354 1693 479 1780 secum
495 1697 628 1807 spoliis
640 1693 800 1782 veheret
817 1692 930 1807 super
946 1693 1091 1778 aethera
1107 1693 1260 1806 opimis.

222 1855 372 1942 Nobile
389 1881 434 1946 tu
452 1861 615 1976 signum,
641 1881 685 1951 tu
699 1889 854 1976 pumpae
870 1861 1018 1974 insigne
1034 1861 1195 1973 praeibas

224 2023 619 2144 Semper,&egregii
635 2030 742 2116 testis
760 2029 981 2140 praenuncia
995 2027 1100 2116 faui.
1355 2049 1395 2120 65

223 2187 484 2302 Templorum
501 2217 542 2282 te
558 2197 799 2310 culminibus,
819 2217 860 2280 te
878 2195 1049 2282 turribus
1062 2195 1151 2280 eltis

224 2355 441 2470 Erigimus3
468 2381 512 2448 tu
527 2366 672 2451 summa
689 2384 801 2450 tenes
819 2359 983 2476 fastigia,
1008 2363 1149 2475 ubique

21 2541 46 2622 .”
224 2521 387 2636 Turres,
414 2533 520 2616 testa
536 2554 604 2621 tua
618 2536 704 2619 sunt
721 2533 853 2617 omnia
872 2548 959 2614 tuta
977 2531 1048 2614 sub
1062 2530 1210 2614 umbra.

226 2691 403 2807 Cumque
418 2727 556 2788 omnes
573 2731 646 2788 nos
661 2725 842 2786 extremo
857 2697 925 2782 sub
945 2717 1123 2809 tempore
1140 2697 1228 2782 vitae

226 2856 460 2970 Deseruere,
485 2895 615 2953 comes
630 2896 806 2960 remanes
825 2888 868 2951 tu
885 2865 979 2972 sole,
1006 2891 1264 2976 necunquam
1362 2897 1404 2952 70

227 3027 435 3136 Amplexu,
456 3029 546 3116 dum
564 3035 759 3144 spiramus,
782 3033 965 3120 diuellere
983 3033 1129 3116 nostro.

226 3191 316 3276 Nec
332 3211 486 3278 tantum
500 3200 620 3306 vivos,
645 3199 712 3285 sed
728 3213 770 3286 &
788 3227 889 3287 aurae
903 3227 1064 3288 munere
1082 3197 1201 3286 caffos

226 3357 402 3464 Tutaris,
422 3360 642 3478 pofitosque
659 3368 761 3455 cavis
777 3367 955 3482 impressu
971 3365 1164 3478 sepulcris.

295 3527 407 3641 Qid
425 3533 566 3618 mirum
584 3531 777 3622 summofi
795 3555 836 3620 te
852 3533 1275 3660 veneramuruhonore?

229 3692 306 3803 Ipse
323 3695 440 3782 etiam
459 3705 570 3812 pueri
584 3705 663 3788 laeti
685 3705 943 3816 immixtaque
961 3705 1098 3816 puellae
1363 3717 1401 3776 Π

230 3863 343 3946 Serta
358 3863 431 3949 tibi
454 3877 495 3954 δι
514 3869 630 3957 flores
648 3873 825 3979 nestunt,
852 3872 925 3956 tibi
938 3873 1108 3958 carmina
1120 3867 1270 3972 dicunt,

229 4025 296 4112 Te
313 4031 511 4120 celebrant
528 4059 653 4146 coetu,
675 4060 716 4125 te
732 4035 829 4126 festa
845 4036 986 4124 fronde
1003 4053 1207 4122 coronant.

233 4201 401 4315 Jamque
417 4201 518 4290 adeo
531 4207 610 4293 late
629 4207 670 4292 in
688 4209 800 4294 terris
816 4205 888 4294 tibi
906 4207 1066 4318 templa,
1086 4203 1159 4289 tibi
1175 4226 1261 4288 aras

1295 4373 1405 4458 Mur·
