3168 5190
275 275 351 368 198
488 275 672 352 Mnncu
709 249 1034 352 Hunnouuuu
1072 269 1215 353 Vrnn

271 483 390 567 Nunc
404 481 537 590 habet,
556 494 597 570 &
614 483 790 593 supemm
807 483 906 596 regit
918 482 1029 594 juvat
1043 509 1115 566 ora
1129 485 1252 568 tueri:

272 651 348 732 Seu
361 649 470 761 juvat
488 651 683 734 interdum
702 650 880 734 mortalia
896 647 1019 734 visere
1035 650 1194 761 templu,

271 820 325 898 Et
340 818 486 925 patrias
503 819 745 924 Solymomm
762 843 867 902 arces
880 815 1052 924 lustrare,
1075 817 1142 902 ubi
1159 817 1358 928 quondam

271 983 336 1067 Te
353 985 558 1092 perhibent
577 985 655 1071 sele
670 985 863 1099 indigenae
880 981 1011 1070 vidille
1026 1009 1099 1093 per
1112 986 1207 1069 altas

272 1148 454 1262 Jordanis
470 1152 573 1264 ripas
588 1157 713 1265 prima
731 1153 799 1236 sub
814 1151 896 1237 luce
913 1150 1125 1258 sedentem,
1396 1184 1430 1244 ut

273 1317 381 1400 Dum
397 1317 544 1432 liquido
561 1321 662 1406 solus
680 1322 825 1406 sacrum
844 1320 939 1404 lavis
957 1343 1070 1404 amne
1087 1345 1277 1404 cruorem.

272 1487 364 1568 Huc
381 1483 485 1597 ades,
505 1487 675 1602 indignae
694 1489 869 1600 linquens
888 1487 972 1570 loca
987 1486 1138 1570 conscia
1154 1485 1290 1588 caedis3

273 1651 352 1734 Hic
369 1651 441 1735 tibi
459 1651 577 1768 digna
592 1655 742 1760 domus,
764 1655 902 1738 melior
918 1657 982 1766 (ne
1000 1653 1166 1764 despice)
1181 1649 1303 1736 sedes.

274 1821 388 1902 Hanc
402 1821 532 1928 patrio
548 1822 696 1934 antiqui
711 1824 872 1937 Ligures
888 1821 929 1903 in
945 1821 1078 1904 littore
1092 1821 1236 1902 molem

275 1987 482 2094 Ingentem
500 1987 672 2098 posuere,
696 1991 840 2102 tibique
857 1989 939 2073 haec
955 1987 1100 2095 templa
1115 1986 1320 2070 sacrarunt
1395 2011 1430 2058 ιο

275 2149 353 2234 Hic
371 2152 443 2235 tibi
463 2153 575 2239 thure
593 2157 734 2265 calent,
753 2153 978 2266 aetemisque
997 2153 1144 2266 ignibus
1159 2181 1254 2244 uro:

276 2318 354 2402 Hic
369 2323 497 2429 patrio
515 2322 566 2414 de
582 2349 691 2416 more
710 2343 854 2415 canunt
873 2343 940 2416 tua
955 2321 1119 2411 maxima
1135 2303 1254 2424 fania,

277 2482 504 2600 Alternique
521 2511 606 2575 tuas
623 2490 773 2602 judlant
790 2488 839 2573 ad
857 2487 978 2572 fidera
996 2486 1139 2571 laudes.

276 2649 364 2760 Ipse
383 2653 504 2762 audis,
524 2658 736 2768 tacitusque
752 2658 861 2760 lates,
885 2683 956 2739 nec
974 2656 1141 2739 cerneris
1156 2651 1235 2757 ulli,

275 2823 328 2900 Et
347 2819 419 2901 tibi
436 2827 676 2935 tranquillam
693 2821 914 2907 demulcent
932 2821 1071 2933 gaudia
1086 2840 1270 2904 mentem.
1398 2843 1430 2902 ις

275 2987 365 3068 Huc
377 2985 469 3070 olim
485 2990 698 3103 quicunque
714 3011 816 3074 tuam
834 2988 948 3072 miser
964 2985 1210 3097 imploratum

275 3151 395 3238 Venit
409 3179 524 3263 opem
541 3157 711 3266 supplex,
732 3156 818 3239 voti
834 3181 919 3238 reus
937 3153 1052 3264 usque
1072 3149 1231 3256 recellit,

274 3318 470 3431 Donaque
487 3321 627 3408 servati
645 3325 717 3406 tibi
732 3320 883 3406 solvunt
900 3319 1033 3404 debita
1049 3339 1189 3402 nautae.

276 3483 406 3569 Salve!
432 3488 565 3574 santste
581 3515 690 3601 puer,
713 3489 806 3572 coeli
821 3486 949 3591 decus,
975 3483 1078 3569 huud
1097 3485 1168 3569 tibi
1186 3479 1384 3596 quisquam

276 3649 484 3738 Coelicolas
501 3657 603 3741 inter
618 3658 740 3740 Divos
755 3652 913 3738 certarit
928 3651 1092 3737 honore.
1397 3687 1433 3748 30

275 3821 341 3904 Tu
355 3849 536 3932 proceres
549 3824 664 3938 longe
681 3843 771 3906 ante
787 3848 936 3924 omnes,
964 3819 1028 3930 qui
1044 3817 1229 3932 languine
1245 3814 1333 3903 firso
1434 3827 1437 3834 '

275 3989 382 4073 Ante
400 3986 505 4074 diem
523 4015 622 4075 vern
641 4016 714 4099 pro
729 3986 937 4099 relligionis
954 4010 1087 4069 amore

275 4147 476 4270 Projecere
491 4153 636 4245 animas
652 4151 781 4242 meriti
797 4153 884 4264 post
897 4151 1034 4238 funera
1047 4153 1206 4255 coelum,

1374 4323 1434 4400 In·
