3168 5190
256 301 329 378 188
466 293 645 374 Manes
684 291 1013 377 Hrnnonnntr
1050 293 1192 378 Vrnn

251 507 388 592 Nocte
404 505 549 586 animas
564 529 745 588 revocate
760 531 871 588 nnvae
888 507 937 590 ad
952 534 1056 594 nova
1070 505 1215 590 lumina
1229 508 1326 594 sucis.

251 677 387 782 thue
403 697 544 753 novam
563 669 713 778 semper
732 669 902 756 traheres
920 672 969 756 ad
987 673 1086 756 retia
1100 673 1283 782 praedam,
1354 711 1426 776 μα

252 838 446 926 Omnibus
462 835 594 920 omnia
612 862 711 940 eras,
731 852 775 919 tu
789 835 880 920 civis
898 839 1043 924 civibus
1061 840 1160 950 ipfis,

251 1011 363 1090 Inter
380 1017 420 1090 &
435 1026 618 1088 externos
633 1003 786 1087 externi
805 1003 922 1089 verba
937 1005 1111 1104 sonabas,

252 1171 444 1258 Romanis
458 1175 658 1254 Romanus
675 1196 773 1274 eras,
797 1171 961 1282 Argivus
977 1173 1146 1278 Achivis,

253 1343 406 1426 Omnes
424 1337 624 1448 obsequio,
646 1335 825 1420 fimulatis
840 1337 1010 1422 moribus
1026 1367 1163 1426 omnes

253 1505 500 1605 Concilians;
523 1501 572 1588 fic
589 1501 812 1586 credentem
828 1503 1078 1591 circumvenit
1098 1535 1250 1618 auceps,
1357 1539 1415 1603 3²5

251 1677 307 1758 Et
322 1671 519 1756 volucrem
536 1669 636 1754 fistae
652 1666 801 1752 deludit
818 1667 986 1782 imagine
1003 1675 1119 1757 vocis.

250 1839 387 1924 Nemo
403 1838 503 1922 adeo
519 1835 646 1922 vacuis
664 1834 863 1922 Gallorum
882 1837 922 1920 in
940 1837 1093 1922 saltibus
1109 1841 1202 1925 olirn

251 2009 407 2094 venatu
424 2003 568 2108 affidpo
587 2004 789 2118 indulgens
807 2024 868 2088 tot
888 2004 1033 2090 retibus
1051 2035 1164 2116 apros

249 2166 444 2282 implicatJ
470 2190 534 2256 ant
551 2171 706 2254 canibus
725 2191 787 2255 tot
805 2171 886 2284 agit
905 2168 954 2254 de
972 2174 1115 2259 vertice
1130 2201 1281 2286 capras,

250 2337 367 2452 Qot
385 2361 427 2424 tu
444 2336 646 2426 hominurn
664 2338 734 2420 tibi
746 2337 865 2422 corda
880 2337 943 2421 die
961 2336 1139 2426 devincis
1156 2339 1347 2426 trahebas.
1358 2376 1417 2436 330,

248 2504 315 2594 Tu
333 2505 442 2617 lupus
456 2506 519 2589 ille
534 2503 598 2590 die
613 2503 740 2614 prirnn
757 2505 946 2590 nascentis
965 2505 1006 2588 in
1024 2527 1112 2592 ortu

249 2671 368 2756 Caede
391 2674 548 2760 madens
568 2691 657 2756 toto
674 2671 837 2756 multum
854 2673 1036 2786 grassatus
1054 2674 1159 2778 ovili,

246 2839 417 2949 Vespere
433 2841 523 2924 dein
540 2839 708 2949 praedam
725 2838 848 2923 socios
865 2841 1027 2947 partitus
1044 2842 1083 2924 in
1101 2867 1250 2943 omnes,

246 3003 436 3088 Bissenum
455 3027 499 3088 nt
515 3031 715 3113 procerum
733 3004 902 3088 moriens
917 3025 1029 3115 pater
1045 3007 1123 3116 ipse
1140 3007 1282 3091 minori

244 3169 424 3254 Praedixit
442 3191 551 3268 nato,
579 3171 680 3254 unde
701 3170 773 3254 tibi
790 3169 988 3256 descendit
1011 3173 1136 3284 origo.
1354 3207 1411 3271 rst

244 3341 333 3451 Jam
354 3364 446 3425 tnnc
463 3337 531 3422 ille
546 3357 633 3422 tuos
651 3335 716 3446 spe
735 3335 975 3445 percipiebat
988 3335 1168 3442 honores,

243 3505 344 3618 Qae
363 3505 487 3589 secum
506 3505 595 3586 tulit
612 3504 661 3586 ad
680 3531 810 3588 manes
831 3501 962 3588 solatia
978 3503 1084 3587 lethi.

242 3673 354 3780 Qos
373 3699 466 3756 vero
486 3669 601 3752 semel
620 3669 768 3752 illenos
785 3662 852 3752 sub
869 3671 973 3782 signa
992 3697 1163 3776 vocares,

241 3839 454 3946 Haerebant
472 3835 605 3954 validis
624 3835 692 3919 tibi
707 3836 827 3945 junsii
848 3837 1004 3920 nexibus
1021 3837 1152 3948 usqne,

241 4007 351 4089 Certi
370 4005 501 4089 animo
519 4023 558 4088 te
576 4003 737 4087 ardente
756 3999 874 4111 sequi,
901 4031 1129 4118 quocunque
1146 4005 1312 4118 juberes.
1352 4043 1408 4108 tte

240 4172 302 4256 Illi
320 4173 452 4281 etiam,
475 4201 552 4283 qno
575 4171 728 4256 liberius
747 4169 917 4255 coelestia
936 4169 1094 4260 obirent

1250 4346 1406 4444 Mente,
