3168 5190
243 239 322 318 ²⁷4
462 221 641 298 Maucr
678 219 1011 302 Hruuortrmr
1042 226 1195 308 .V1ora

238 427 368 512 Taciti
389 429 501 515 simul
519 461 747 518 veneremur
760 435 1072 522 innumerabiles.
1159 469 1164 476 ·

237 596 429 682 Miremur
445 601 617 686 omnium
637 617 827 712 perennes
847 601 1010 706 laureas,

238 762 376 848 Claros
395 765 626 876 triumphos,
653 767 889 880 inclytosque
907 771 1070 882 gloriam

235 935 315 1013 Eos
334 943 374 1016 δι
389 960 526 1016 omnes
540 935 771 1020 advocemus
788 935 932 1043 sedulo,

234 1095 366 1182 Nobis
382 1122 427 1186 ut
446 1102 529 1185 alto
548 1131 665 1214 opem
684 1102 814 1186 ferant
830 1104 879 1186 ab
893 1104 1039 1188 aethere

234 1268 414 1351 Periculis
428 1269 469 1351 in
483 1270 678 1374 omnibus,
705 1270 1068 1382 nequenossmant,

234 1435 380 1546 Qoad
398 1435 597 1542 valebunt,
620 1437 759 1520 cedere
776 1436 940 1520 obrutos
957 1438 1077 1523 malis.

233 1605 332 1688 Non
350 1601 459 1716 quod
474 1602 609 1714 suapte
626 1605 676 1708 vi,
704 1601 769 1690 sua
786 1625 854 1688 aut
875 1603 1055 1716 potentia

135 1823 144 1836 ·
233 1770 397 1879 Qeant
412 1770 550 1884 juvare
565 1770 779 1879 hominem,
801 1783 841 1856 oc
859 1796 977 1880 opem
994 1769 1254 1880 impartirier:

232 1937 326 2022 Divi
345 1963 473 2052 neque
489 1937 608 2048 bona,
630 1965 759 2052 neque
776 1938 854 2022 ulla
868 1937 964 2022 daut
979 1940 1160 2052 cuiquam
1179 1940 1293 2024 mala.

233 2103 302 2187 Est
316 2134 414 2190 unus
431 2105 607 2189 omnium
623 2105 818 2190 bonorum
836 2105 1009 2215 publicus

231 2271 529 2378 Diffeminator,
552 2270 616 2355 ille
630 2275 724 2358 coeli
744 2293 967 2384 praepotens

232 2443 454 2554 Regnator,
473 2439 579 2524 orbis
593 2439 790 2546 conditor,
812 2440 1012 2525 hominum
1031 2441 1150 2550 sator,
1371 2479 1406 2540 n,

232 2606 309 2691 Cui
327 2607 462 2695 omnia
484 2605 735 2710 famulantur,
762 2612 897 2690 omnia
912 2604 1111 2719 subjacent

230 2773 433 2880 Obnoxia,
454 2800 552 2858 unus
569 2774 749 2860 omnibus
771 2775 912 2886 ubique
933 2773 1114 2885 imperat,

231 2940 435 3052 Unusque‚
462 2967 563 3051 quos
579 2941 676 3047 vult,
697 2940 823 3054 eligit,
845 2969 943 3053 quos
957 2967 1036 3050 ope
1048 2943 1174 3056 juver,

229 3108 384 3193 Nullius
398 3107 478 3218 ipse
493 3125 665 3190 externae
678 3111 766 3218 opis
787 3086 907 3221 porro
925 3107 1090 3222 indigus.

230 3281 346 3394 Qos
366 3302 461 3363 vero
486 3273 606 3359 habet
624 3275 834 3390 neglectui,
860 3275 902 3359 in
923 3300 1093 3387 praeceps
1114 3277 1205 3362 finit
1369 3315 1409 3376 ,ο

229 3451 364 3532 Ruere
382 3441 564 3549 misellos,
590 3469 635 3528 ac
652 3445 760 3528 malis
776 3444 950 3552 prorsum
967 3444 1148 3527 omnibus

230 3613 512 3718 circumvenit,
534 3611 631 3696 dans
648 3614 875 3724 cuique'pro
892 3609 1048 3716 merito,
1070 3633 1115 3694 ut
1133 3609 1256 3715 lubet,

228 3782 353 3864 Ultor
370 3783 520 3864 severus
535 3779 754 3885 criminum,
778 3777 1003 3865 mortalibus

226 3945 553 4034 Perterrefaciens
567 3945 720 4030 conscia
737 3944 841 4026 intus
863 3943 1037 4053 pectora,

227 4113 388 4197 Coelum
410 4111 571 4198 trisulcis
595 4142 681 4198 cum
701 4108 878 4199 coruscat
898 4109 1063 4221 ignibat,
