3180 5184
268 242 320 328 68
476 249 656 326 Maucr
692 245 1025 324 Hrsnottrur
1063 243 1207 326 Vton

265 453 431 568 Spiritus
450 453 543 566 ipse,
559 459 617 541 tui
637 476 825 567 apparent
844 457 1001 572 vestigia
1016 458 1157 570 ubique

263 621 1464 737 Numinisampla,tuumestquodcunque,ubicunq3videmus.

263 789 330 875 Tu
344 787 464 900 patris
486 791 622 872 aeterni
640 789 775 895 virtus,
796 807 839 872 tu
857 789 1029 898 dextera,
1050 803 1091 878 δι
1110 793 1178 902 ipsi

262 955 330 1041 Tu
348 953 476 1070 digiti,
497 955 632 1068 quibus
651 953 879 1040 immensum
895 951 1096 1043 fabricavit
1112 959 1324 1068 Olympum
1393 981 1457 1050 ror'

263 1121 413 1206 Rerum
432 1121 577 1235 opifex,
600 1121 738 1234 quibus
758 1123 955 1234 ingentem
970 1150 1041 1234 per
1055 1126 1183 1208 inania
1200 1126 1330 1228 librat,

262 1291 318 1372 Et
333 1289 562 1375 circumfuso
576 1287 769 1400 suspendit
786 1291 826 1372 in
845 1315 935 1371 aere
949 1289 1108 1394 molem,

264 1453 415 1539 Cundla
432 1457 506 1543 tuis
524 1455 717 1542 elementa
733 1455 854 1567 ligans
869 1456 1061 1539 contraria
1078 1455 1228 1554 vinclis;

262 1619 568 1736 Muneribusque
587 1627 661 1708 tuis
680 1621 811 1732 pasfim
831 1621 946 1732 plena
962 1621 1094 1706 omnia
1113 1622 1321 1708 abundant.

324 1788 425 1872 Cum
439 1809 550 1900 pater
565 1789 815 1900 omnipotens
828 1816 915 1872 cum
927 1809 1022 1870 nato
1033 1789 1214 1875 immania
1228 1788 1364 1876 mundi
1382 1827 1449 1872 n·

261 1955 419 2039 Moenia
435 1957 670 2042 constituens
685 1957 777 2040 coeli
795 1953 1025 2066 procuderet
1042 1956 1170 2065 orbes,

262 2119 420 2206 Tertius
438 2119 519 2234 ipse
538 2121 671 2208 aderas
691 2127 829 2234 (neque
848 2122 952 2204 enim
970 2119 1168 2208 distractus
1182 2125 1232 2207 ab
1251 2125 1340 2236 illis)

263 2287 412 2373 Omnia
430 2315 690 2400 componens;
720 2291 798 2402 jam
817 2309 900 2372 tum
919 2313 1034 2372 autea
1050 2289 1135 2374 luce
1151 2289 1340 2398 coruscus,

262 2457 419 2540 Summa
434 2459 611 2569 equitans
630 2455 775 2542 levibus
794 2457 985 2542 mulcebas
1000 2485 1151 2570 aequora
1167 2458 1317 2545 flabris:

261 2621 353 2734 Jam
373 2644 455 2708 tum
476 2625 647 2738 purgatis
662 2611 872 2736 liquentem
890 2623 1068 2706 fluetibus
1082 2623 1224 2710 undam
1377 2668 1433 2727 μ,

260 2785 436 2874 Flumine
451 2789 622 2894 lustrasti,
639 2817 725 2901 quae
743 2789 884 2873 dehinc
900 2789 1123 2874 mortalibus
1140 2792 1250 2904 aegris

259 2949 421 3038 Elueret
438 2956 561 3063 prima
576 2955 816 3038 contradam
834 2955 888 3036 abw
900 2957 1051 3068 origine
1068 2959 1208 3064 labem,

259 3115 381 3202 Unde
399 3119 493 3206 salus
512 3119 646 3202 animis
662 3121 839 3228 proavita
854 3117 987 3204 fraude
1007 3107 1174 3232 sepultis.

259 3281 358 3368 Inde
377 3283 486 3372 rudes
504 3285 558 3369 illi
578 3285 701 3397 prima
717 3287 818 3372 illaa
837 3287 948 3397 stirpe
964 3311 1144 3399 parentes

258 3453 468 3538 Terrarum
485 3453 597 3538 obliti
616 3481 775 3564 coepere
794 3454 842 3538 ad
865 3455 982 3540 fidere
1001 3477 1152 3544 mentes
1376 3501 1432 3545 ιη

257 3611 431 3727 Tollere,
457 3621 738 3732 mortalemque
755 3621 952 3708 hominem
968 3622 1199 3730 desuescere,
1216 3653 1317 3737 puro

256 3784 419 3872 Pedore
437 3809 630 3896 concepto
646 3814 715 3896 per
732 3807 772 3871 te
784 3789 863 3900 jam
880 3789 1041 3898 desuper
1057 3790 1149 3904 igni,

255 3959 308 4038 Et
325 3979 532 4068 peragrare
545 3954 626 4036 acie
644 3956 735 4039 coeli
753 3956 925 4039 sublimia
945 3961 1089 4069 templa

257 4121 415 4208 Adniffi
432 4123 575 4234 superae
591 4121 742 4235 depasci
757 4123 899 4208 lumina
918 4124 1023 4230 lucis,
