3180 5184
304 240 354 326 56
509 229 687 308 Marcu
722 219 1052 304 H1nuntsumr
1087 220 1233 306 Vrnn

301 440 446 546 Suavis,
467 449 509 523 &
523 455 682 549 optatos
699 435 870 522 referem
887 436 1024 548 cuique
1039 463 1109 522 ore
1124 440 1290 550 sapores.

299 611 366 692 Tu
383 604 497 690 nobis
513 603 667 716 liquidae
682 627 837 688 emanas
851 597 941 688 fons
958 605 1065 689 vivus
1082 609 1212 718 aquai:

297 771 473 858 Flumine
492 771 542 856 ab
558 770 730 854 aethereo
743 768 892 880 semper
905 767 1071 870 fitientia
1085 771 1191 856 labra
1382 875 1386 884 Ι

297 937 445 1025 Nostra
462 937 578 1050 rigas,
596 937 821 1050 largumque
837 934 880 1018 in
897 935 1008 1020 nobis
1027 937 1144 1024 efficis
1158 965 1325 1044 amnem,

298 1107 417 1219 Cujus
431 1102 554 1192 rursus
571 1129 678 1218 aquae
692 1100 778 1188 salit
795 1100 979 1212 usquead
996 1101 1116 1188 sudera
1132 1065 1240 1190 cursu
1406 1139 1474 1202 3³0

297 1283 484 1384 Impetus,
508 1269 741 1384 &superum
760 1269 959 1354 laetantem
978 1289 1171 1382 temperat
1183 1269 1330 1388 urbem.

299 1442 381 1530 Abs
395 1459 436 1524 te
453 1437 580 1523 omnis
597 1439 652 1524 vis
670 1439 800 1524 nostra
817 1437 954 1546 oritur,
980 1437 1091 1552 vigor
1106 1439 1231 1523 omnis
1248 1437 1437 1543 abundat,

297 1606 518 1719 Nostraque
534 1605 653 1717 liqna,
678 1623 748 1688 tuo
764 1603 875 1690 firma
890 1603 1002 1690 estin
1017 1604 1174 1711 robore,
1192 1605 1325 1692 virtus.

296 1777 363 1860 Tu
381 1774 485 1860 velut
504 1774 544 1856 in
557 1771 702 1883 campis
717 1770 804 1856 latis
822 1771 1013 1856 uberrima
1029 1773 1117 1861 vitis
1168 1841 1173 1850 .

295 1942 456 2026 Brachia
471 1939 722 2051 protendens,
746 1967 818 2026 nos
835 1965 907 2023 ceu
925 1938 991 2050 qui
1007 1938 1190 2048 plurimus
1204 1939 1297 2025 inde
1406 1970 1462 2035 ³35

294 2109 444 2212 Palmes
460 2093 654 2220 agitsese,
671 2105 836 2218 laxisque
852 2105 1014 2192 effundit
1032 2104 1206 2211 habenis,

295 2283 349 2362 Et
362 2273 539 2388 gravidus
556 2273 695 2358 cunam
711 2269 841 2358 nitidis
856 2272 1041 2358 exuberat
1054 2271 1149 2358 uvis.

294 2443 362 2528 Tu
377 2441 571 2528 fortunati
585 2439 770 2526 abstrusus
788 2437 985 2526 thesaurus
998 2437 1171 2550 Olympi,

295 2613 445 2695 Aurum
457 2610 523 2694 ubi
538 2607 772 2716 coelinolnnt,
786 2616 828 2693 ετ
843 2633 1007 2722 gemme
1020 2605 1232 2716 servantur,
1247 2615 1288 2694 &
1301 2633 1442 2692 omnes

294 2774 403 2860 Coeli
419 2775 561 2862 claudia
574 2802 674 2886 opes
689 2773 899 2878 ditiffimus,
919 2790 1034 2884 atque
1049 2771 1227 2864 recludis
1403 2810 1462 2872 3⁴0

293 2948 343 3026 In
356 2967 429 3024 nos
446 2939 564 3052 usque
580 2942 698 3025 etiam
716 2938 900 3026 mortales
916 2939 1043 3056 largus
1058 2939 1238 3028 inundars

293 3111 382 3190 Huc
398 3103 525 3188 omnis
538 3105 658 3216 pleno
675 3103 849 3190 dimanas
865 3106 980 3219 copia
997 3133 1132 3195 cornu.

295 3275 378 3360 Abs
395 3297 436 3358 te
450 3273 576 3358 omnis
591 3275 673 3360 anti
689 3274 745 3362 vis
763 3296 881 3388 atque
896 3275 1096 3388 opulentia
1109 3271 1292 3360 abundat.

185 3537 190 3548 ‚
293 3439 416 3556 Qod
430 3442 547 3527 semel
559 3461 709 3528 aeterno
721 3441 839 3556 longe
854 3464 946 3528 ante
962 3440 1122 3527 exordia
1136 3465 1265 3525 rerum

292 3616 459 3696 Munere
475 3605 658 3694 conceffit
675 3611 832 3724 genitor
849 3609 935 3719 tibi,
958 3608 1142 3696 conditor
1154 3607 1275 3714 orbis,
1402 3647 1453 3706 μς

292 3779 453 3890 Semper
469 3774 601 3883 habes,
628 3803 700 3862 nec
717 3803 804 3863 cum
822 3777 886 3864 hic
900 3795 1077 3863 terrenos
1094 3775 1220 3862 induis
1236 3793 1356 3889 artus,

292 3944 452 4031 Amittis
467 3905 670 4058 quicquam
684 3941 835 4030 decoris
848 3943 1016 4032 coelestis
1030 3943 1074 4032 in
1089 3941 1223 4032 aethra

1356 4113 1457 4196 Non
