3180 5184
381 272 565 352 Hrnnr
603 291 662 350 uu
703 267 1144 354 RunusD1v1u1s.
1298 289 1343 378 ις

152 492 222 572 Ut
240 487 384 572 studiis
395 487 520 600 juniii
541 503 657 595 atque
673 483 809 568 animis
827 485 1083 572 concordibus
1102 515 1177 572 una

9 770 10 783 Ν
150 655 399 740 Tendanruu
417 653 517 740 duce
531 673 573 736 te
590 650 684 734 freti
696 647 913 736 succurrere
932 651 1042 782 lapsu

150 821 356 936 Legibus,
383 835 426 910 ὃς
440 819 570 950 uersos
586 847 769 904 revocure
783 819 824 902 in
843 819 999 932 pristina
1014 847 1155 908 mores.

150 987 311 1100 Teque
329 989 422 1074 ideo
436 1009 545 1073 coetu
562 987 811 1091 celebramus,
837 997 878 1070 δι
896 1013 967 1070 ore
983 988 1142 1094 ciemus,
1287 1023 1344 1083 450

151 1157 314 1240 Sancte
331 1157 420 1244 veui
430 1195 443 1252 ς
461 1155 617 1268 penitus
634 1173 676 1238 te
691 1153 887 1238 mentibus
905 1154 1029 1240 insere
1045 1157 1183 1242 nostris

1 1349 2 1374 ¹
155 1325 277 1420 Aura
294 1347 451 1436 puteus,
477 1335 588 1412 umor
606 1321 869 1434 omnipotens,
896 1325 989 1410 coeii
1007 1351 1122 1410 aurea
1136 1326 1302 1410 flamma.

194 1713 548 1927 Jusu
628 1711 1304 1878 cuursno

483 2013 716 2142 ·ΟΡΤ.
780 2013 1019 2140 ΜΑΧ.

330 2333 371 2418 T
391 2331 492 2418 solus
507 2335 584 2420 iate
601 2337 709 2420 locus
726 2335 795 2440 est,
817 2346 859 2419 &
876 2333 1029 2416 fletibus
1048 2353 1176 2442 aptus,

174 2349 324 2722 E
430 2515 483 2592 Et
501 2508 629 2616 rediit,
648 2537 725 2620 qua
741 2537 822 2594 non
838 2508 1014 2592 moestior
1032 2509 1122 2612 ulla,
1149 2508 1247 2591 dies:

358 2682 432 2792 Ipsr
448 2683 565 2768 etiam
581 2703 751 2785 montes,
776 2681 903 2766 densae
918 2679 991 2766 hac
1009 2680 1051 2763 in
1071 2709 1166 2792 rupe
1182 2681 1340 2793 eupressi

240 2849 337 2960 lpsae
353 2853 470 2936 etiam
488 2851 649 2963 querulo
666 2853 812 2937 vertice
829 2849 1083 2960 flerejubent.

169 3017 285 3099 Tunc
301 3019 416 3102 etiam
443 3019 560 3104 filices
576 3019 712 3104 durum
731 3019 880 3128 sensere
900 3019 1091 3124 dolorem,
1322 3053 1338 3113 5

242 3189 296 3268 Et
318 3189 419 3296 rupti
435 3189 585 3304 ingenti
603 3187 791 3272 diffiluere
808 3187 918 3271 sono.

167 3353 286 3438 Tunc
303 3357 419 3440 etiam
431 3355 556 3440 -sed
571 3357 652 3470 jam
668 3351 834 3464 erumpit
853 3353 947 3438 mihi
966 3355 1126 3464 pestore
1144 3355 1269 3457 fletus,

239 3529 291 3606 Et
307 3521 493 3628 lacrymas
506 3525 607 3608 oculi
624 3521 787 3606 fluminis
805 3521 921 3604 instar
935 3539 1068 3632 agunt.

165 3645 283 3772 Flere
294 3689 404 3803 juvet
419 3693 565 3797 saltem,
586 3687 834 3804 lacrymisque
853 3688 1006 3796 explere
1023 3685 1215 3792 dolorem,

240 3856 414 3970 Qando
429 3857 532 3941 aliud
550 3857 645 3942 nihil
663 3859 719 3942 est
737 3855 843 3968 quod
858 3854 928 3936 tibi
947 3855 1174 3964 persoluarn.
1306 3835 1356 3934 ιζ

167 4031 309 4110 Mutua
326 4049 399 4108 nec
414 4021 505 4108 satis
524 4027 594 4133 est,
615 4027 808 4136 vitamque
827 4022 1042 4134 rependere
1057 4022 1159 4126 vitae,

238 4189 300 4276 O!
319 4191 387 4304 qui
407 4193 538 4276 nostra
555 4213 624 4278 tuo
642 4192 778 4278 funere
797 4187 938 4274 damna
954 4189 1069 4271 levas.

923 4360 958 4438 L
982 4389 1004 4437 2
1255 4349 1345 4430 Nos
