<?xml version="1.0" encoding="UTF-8"?>
<!DOCTYPE html PUBLIC "-//W3C//DTD XHTML 1.0 Transitional//EN"
    "http://www.w3.org/TR/xhtml1/DTD/xhtml1-transitional.dtd">
<html xmlns="http://www.w3.org/1999/xhtml" xml:lang="en" lang="en">
 <head>
  <title>
</title>
<meta http-equiv="Content-Type" content="text/html;charset=utf-8" />
  <meta name='ocr-system' content='tesseract 3.04.00' />
  <meta name='ocr-capabilities' content='ocr_page ocr_carea ocr_par ocr_line ocrx_word'/>
</head>
<body>
  <div class='ocr_page' id='page_1' title='image "./marcihieronymiv00vidagoog_0107.png"; bbox 0 0 3160 5198; ppageno 0'>
   <div class='ocr_carea' id='block_1_1' title="bbox 227 267 1178 364">
    <p class='ocr_par' dir='ltr' id='par_1_1' title="bbox 227 267 1178 364">
     <span class='ocr_line' id='line_1_1' title="bbox 227 267 1178 364; baseline 0.002 -18"><span class='ocrx_word' id='word_1_1' title='bbox 227 269 278 364; x_wconf 78' lang='lat'>9⁸</span> <span class='ocrx_word' id='word_1_2' title='bbox 443 267 627 344; x_wconf 82' lang='lat' dir='ltr'>Manet</span> <span class='ocrx_word' id='word_1_3' title='bbox 667 269 998 349; x_wconf 79' lang='lat' dir='ltr'>Hrraottrmt</span> <span class='ocrx_word' id='word_1_4' title='bbox 1034 267 1178 351; x_wconf 87' lang='lat' dir='ltr'>Vrurr</span> 
     </span>
    </p>
   </div>
   <div class='ocr_carea' id='block_1_2' title="bbox 221 476 1409 1926">
    <p class='ocr_par' dir='ltr' id='par_1_2' title="bbox 223 476 1302 1090">
     <span class='ocr_line' id='line_1_2' title="bbox 225 476 1203 592; baseline 0.003 -30"><span class='ocrx_word' id='word_1_5' title='bbox 225 481 332 563; x_wconf 87' lang='lat' dir='ltr'>Sicut</span> <span class='ocrx_word' id='word_1_6' title='bbox 351 479 445 564; x_wconf 90' lang='lat' dir='ltr'>item</span> <span class='ocrx_word' id='word_1_7' title='bbox 464 477 609 590; x_wconf 85' lang='lat' dir='ltr'>speculi</span> <span class='ocrx_word' id='word_1_8' title='bbox 628 477 653 562; x_wconf 85' lang='lat' dir='ltr'>st</span> <span class='ocrx_word' id='word_1_9' title='bbox 670 479 710 562; x_wconf 91' lang='lat' dir='ltr'>in</span> <span class='ocrx_word' id='word_1_10' title='bbox 727 499 858 590; x_wconf 86' lang='lat' dir='ltr'>partes</span> <span class='ocrx_word' id='word_1_11' title='bbox 875 476 1036 592; x_wconf 81' lang='lat' dir='ltr'>fregeris</span> <span class='ocrx_word' id='word_1_12' title='bbox 1052 481 1203 586; x_wconf 88' lang='lat' dir='ltr'>orbem,</span> 
     </span>
     <span class='ocr_line' id='line_1_3' title="bbox 225 644 1249 760; baseline 0.004 -30"><span class='ocrx_word' id='word_1_13' title='bbox 225 647 425 760; x_wconf 82' lang='lat' dir='ltr'>Qicquid</span> <span class='ocrx_word' id='word_1_14' title='bbox 440 647 490 730; x_wconf 93' lang='lat' dir='ltr'>ab</span> <span class='ocrx_word' id='word_1_15' title='bbox 508 644 670 730; x_wconf 88' lang='lat' dir='ltr'>adverso</span> <span class='ocrx_word' id='word_1_16' title='bbox 689 645 876 730; x_wconf 91' lang='lat' dir='ltr'>reddebat</span> <span class='ocrx_word' id='word_1_17' title='bbox 893 645 1070 758; x_wconf 78' lang='lat' dir='ltr'>imaginis</span> <span class='ocrx_word' id='word_1_18' title='bbox 1086 649 1193 734; x_wconf 89' lang='lat' dir='ltr'>orbis</span> <span class='ocrx_word' id='word_1_19' title='bbox 1242 701 1249 712; x_wconf 88' lang='lat'>-</span> 
     </span>
     <span class='ocr_line' id='line_1_4' title="bbox 223 809 1302 926; baseline 0.002 -29"><span class='ocrx_word' id='word_1_20' title='bbox 223 819 399 926; x_wconf 88' lang='lat' dir='ltr'>Integer,</span> <span class='ocrx_word' id='word_1_21' title='bbox 426 814 517 900; x_wconf 93' lang='lat' dir='ltr'>illud</span> <span class='ocrx_word' id='word_1_22' title='bbox 537 811 639 896; x_wconf 85' lang='lat' dir='ltr'>idem</span> <span class='ocrx_word' id='word_1_23' title='bbox 660 839 748 924; x_wconf 88' lang='lat' dir='ltr'>pars</span> <span class='ocrx_word' id='word_1_24' title='bbox 767 812 949 924; x_wconf 83' lang='lat' dir='ltr'>quaelibet</span> <span class='ocrx_word' id='word_1_25' title='bbox 965 809 1135 924; x_wconf 91' lang='lat' dir='ltr'>undique</span> <span class='ocrx_word' id='word_1_26' title='bbox 1151 813 1302 922; x_wconf 80' lang='lat' dir='ltr'>reddet,</span> 
     </span>
     <span class='ocr_line' id='line_1_5' title="bbox 224 979 1215 1090; baseline -0.006 -20"><span class='ocrx_word' id='word_1_27' title='bbox 224 987 312 1070; x_wconf 88' lang='lat' dir='ltr'>Nec</span> <span class='ocrx_word' id='word_1_28' title='bbox 328 981 437 1090; x_wconf 90' lang='lat' dir='ltr'>plura</span> <span class='ocrx_word' id='word_1_29' title='bbox 455 981 496 1064; x_wconf 93' lang='lat' dir='ltr'>in</span> <span class='ocrx_word' id='word_1_30' title='bbox 516 1001 607 1064; x_wconf 89' lang='lat' dir='ltr'>toto</span> <span class='ocrx_word' id='word_1_31' title='bbox 624 1005 741 1090; x_wconf 86' lang='lat' dir='ltr'>quarn</span> <span class='ocrx_word' id='word_1_32' title='bbox 761 979 907 1062; x_wconf 86' lang='lat' dir='ltr'>morin</span> <span class='ocrx_word' id='word_1_33' title='bbox 926 999 1038 1086; x_wconf 90' lang='lat' dir='ltr'>parte</span> <span class='ocrx_word' id='word_1_34' title='bbox 1056 980 1215 1064; x_wconf 90' lang='lat' dir='ltr'>videbis.</span> 
     </span>
    </p>

    <p class='ocr_par' dir='ltr' id='par_1_3' title="bbox 223 1141 1409 1426">
     <span class='ocr_line' id='line_1_6' title="bbox 224 1141 1409 1261; baseline -0.003 -29"><span class='ocrx_word' id='word_1_35' title='bbox 224 1155 281 1232; x_wconf 90' lang='lat' dir='ltr'>At</span> <span class='ocrx_word' id='word_1_36' title='bbox 298 1175 392 1232; x_wconf 87' lang='lat' dir='ltr'>vero</span> <span class='ocrx_word' id='word_1_37' title='bbox 408 1175 626 1261; x_wconf 81' lang='lat' dir='ltr'>quanquam</span> <span class='ocrx_word' id='word_1_38' title='bbox 643 1147 762 1260; x_wconf 88' lang='lat' dir='ltr'>quise</span> <span class='ocrx_word' id='word_1_39' title='bbox 781 1144 849 1227; x_wconf 92' lang='lat' dir='ltr'>sub</span> <span class='ocrx_word' id='word_1_40' title='bbox 866 1141 1040 1256; x_wconf 81' lang='lat' dir='ltr'>frugibus</span> <span class='ocrx_word' id='word_1_41' title='bbox 1056 1147 1186 1255; x_wconf 85' lang='lat' dir='ltr'>offert,</span> <span class='ocrx_word' id='word_1_42' title='bbox 1340 1177 1409 1228; x_wconf 73' lang='lat' dir='ltr'>soa</span> 
     </span>
     <span class='ocr_line' id='line_1_7' title="bbox 223 1297 1243 1426; baseline 0 -29"><span class='ocrx_word' id='word_1_43' title='bbox 223 1317 295 1400; x_wconf 91' lang='lat' dir='ltr'>Ille</span> <span class='ocrx_word' id='word_1_44' title='bbox 309 1315 416 1404; x_wconf 87' lang='lat' dir='ltr'>idem</span> <span class='ocrx_word' id='word_1_45' title='bbox 435 1317 505 1422; x_wconf 85' lang='lat' dir='ltr'>est,</span> <span class='ocrx_word' id='word_1_46' title='bbox 527 1315 647 1426; x_wconf 89' lang='lat' dir='ltr'>patris</span> <span class='ocrx_word' id='word_1_47' title='bbox 665 1313 834 1398; x_wconf 83' lang='lat' dir='ltr'>aetherea</span> <span class='ocrx_word' id='word_1_48' title='bbox 849 1311 914 1423; x_wconf 92' lang='lat' dir='ltr'>qui</span> <span class='ocrx_word' id='word_1_49' title='bbox 932 1333 1069 1424; x_wconf 89' lang='lat' dir='ltr'>regnat</span> <span class='ocrx_word' id='word_1_50' title='bbox 1084 1315 1123 1398; x_wconf 93' lang='lat' dir='ltr'>ln</span> <span class='ocrx_word' id='word_1_51' title='bbox 1143 1297 1243 1421; x_wconf 82' lang='lat' dir='ltr'>aula,</span> 
     </span>
    </p>

    <p class='ocr_par' dir='ltr' id='par_1_4' title="bbox 222 1475 1340 1757">
     <span class='ocr_line' id='line_1_8' title="bbox 222 1475 1340 1592; baseline 0 -24"><span class='ocrx_word' id='word_1_52' title='bbox 222 1483 300 1568; x_wconf 92' lang='lat' dir='ltr'>Hic</span> <span class='ocrx_word' id='word_1_53' title='bbox 319 1483 432 1566; x_wconf 89' lang='lat' dir='ltr'>aliter</span> <span class='ocrx_word' id='word_1_54' title='bbox 448 1505 593 1588; x_wconf 87' lang='lat' dir='ltr'>tamen,</span> <span class='ocrx_word' id='word_1_55' title='bbox 615 1501 732 1592; x_wconf 85' lang='lat' dir='ltr'>atque</span> <span class='ocrx_word' id='word_1_56' title='bbox 746 1479 839 1584; x_wconf 88' lang='lat' dir='ltr'>illic,</span> <span class='ocrx_word' id='word_1_57' title='bbox 852 1498 1048 1590; x_wconf 89' lang='lat' dir='ltr'>utcunque</span> <span class='ocrx_word' id='word_1_58' title='bbox 1063 1475 1103 1561; x_wconf 88' lang='lat' dir='ltr'>se</span> <span class='ocrx_word' id='word_1_59' title='bbox 1120 1479 1238 1564; x_wconf 88' lang='lat' dir='ltr'>habet</span> <span class='ocrx_word' id='word_1_60' title='bbox 1257 1509 1340 1569; x_wconf 86' lang='lat' dir='ltr'>res:</span> 
     </span>
     <span class='ocr_line' id='line_1_9' title="bbox 222 1643 1257 1757; baseline 0.001 -26"><span class='ocrx_word' id='word_1_61' title='bbox 222 1651 297 1732; x_wconf 89' lang='lat' dir='ltr'>Ille</span> <span class='ocrx_word' id='word_1_62' title='bbox 316 1651 419 1734; x_wconf 83' lang='lat' dir='ltr'>idern</span> <span class='ocrx_word' id='word_1_63' title='bbox 437 1649 508 1756; x_wconf 89' lang='lat' dir='ltr'>est,</span> <span class='ocrx_word' id='word_1_64' title='bbox 535 1649 654 1732; x_wconf 88' lang='lat' dir='ltr'>etiam</span> <span class='ocrx_word' id='word_1_65' title='bbox 673 1647 785 1731; x_wconf 88' lang='lat' dir='ltr'>trabe</span> <span class='ocrx_word' id='word_1_66' title='bbox 803 1647 870 1757; x_wconf 90' lang='lat' dir='ltr'>qui</span> <span class='ocrx_word' id='word_1_67' title='bbox 888 1643 1086 1755; x_wconf 88' lang='lat' dir='ltr'>pendebat</span> <span class='ocrx_word' id='word_1_68' title='bbox 1102 1648 1151 1731; x_wconf 88' lang='lat' dir='ltr'>ab</span> <span class='ocrx_word' id='word_1_69' title='bbox 1169 1649 1257 1734; x_wconf 87' lang='lat' dir='ltr'>alta.</span> 
     </span>
    </p>

    <p class='ocr_par' dir='ltr' id='par_1_5' title="bbox 221 1811 1303 1926">
     <span class='ocr_line' id='line_1_10' title="bbox 221 1811 1303 1926; baseline 0.003 -25"><span class='ocrx_word' id='word_1_70' title='bbox 221 1819 299 1901; x_wconf 90' lang='lat' dir='ltr'>Hic</span> <span class='ocrx_word' id='word_1_71' title='bbox 313 1838 445 1899; x_wconf 88' lang='lat' dir='ltr'>tamen</span> <span class='ocrx_word' id='word_1_72' title='bbox 459 1837 661 1926; x_wconf 83' lang='lat' dir='ltr'>exemptus</span> <span class='ocrx_word' id='word_1_73' title='bbox 676 1813 794 1898; x_wconf 87' lang='lat' dir='ltr'>morti</span> <span class='ocrx_word' id='word_1_74' title='bbox 811 1813 888 1896; x_wconf 86' lang='lat' dir='ltr'>vim</span> <span class='ocrx_word' id='word_1_75' title='bbox 907 1811 1010 1894; x_wconf 88' lang='lat' dir='ltr'>haud</span> <span class='ocrx_word' id='word_1_76' title='bbox 1029 1813 1169 1924; x_wconf 89' lang='lat' dir='ltr'>accipit</span> <span class='ocrx_word' id='word_1_77' title='bbox 1187 1817 1303 1904; x_wconf 86' lang='lat' dir='ltr'>ullam</span> 
     </span>
    </p>
   </div>
   <div class='ocr_carea' id='block_1_3' title="bbox 221 1979 1396 2257">
    <p class='ocr_par' dir='ltr' id='par_1_6' title="bbox 221 1979 1396 2257">
     <span class='ocr_line' id='line_1_11' title="bbox 221 1979 1396 2092; baseline -0.001 -29"><span class='ocrx_word' id='word_1_78' title='bbox 221 1983 394 2074; x_wconf 81' lang='lat' dir='ltr'>Artubus</span> <span class='ocrx_word' id='word_1_79' title='bbox 412 1981 632 2066; x_wconf 86' lang='lat' dir='ltr'>immortale</span> <span class='ocrx_word' id='word_1_80' title='bbox 652 1999 772 2092; x_wconf 91' lang='lat' dir='ltr'>atque</span> <span class='ocrx_word' id='word_1_81' title='bbox 791 1979 1084 2088; x_wconf 79' lang='lat' dir='ltr'>impenetrabile</span> <span class='ocrx_word' id='word_1_82' title='bbox 1099 2007 1252 2092; x_wconf 80' lang='lat' dir='ltr'>corpus,</span> <span class='ocrx_word' id='word_1_83' title='bbox 1338 2009 1396 2080; x_wconf 71' lang='grc' dir='ltr'>ως</span> 
     </span>
     <span class='ocr_line' id='line_1_12' title="bbox 221 2111 1139 2257; baseline -0.002 -25"><span class='ocrx_word' id='word_1_84' title='bbox 221 2111 296 2232; x_wconf 73' lang='grc' dir='ltr'>εἰιῑ</span> <span class='ocrx_word' id='word_1_85' title='bbox 310 2151 437 2232; x_wconf 73' lang='lat' dir='ltr'>norm</span> <span class='ocrx_word' id='word_1_86' title='bbox 455 2147 553 2231; x_wconf 72' lang='lat' dir='ltr'>nim</span> <span class='ocrx_word' id='word_1_87' title='bbox 568 2147 753 2252; x_wconf 68' lang='lat' dir='ltr'>officiant,</span> <span class='ocrx_word' id='word_1_88' title='bbox 776 2147 935 2257; x_wconf 77' lang='lat' dir='ltr'>argone</span> <span class='ocrx_word' id='word_1_89' title='bbox 950 2145 1139 2230; x_wconf 65' lang='lat' dir='ltr'>famesve:</span> 
     </span>
    </p>
   </div>
   <div class='ocr_carea' id='block_1_4' title="bbox 214 2311 1472 4096">
    <p class='ocr_par' dir='ltr' id='par_1_7' title="bbox 219 2311 1187 2423">
     <span class='ocr_line' id='line_1_13' title="bbox 219 2311 1187 2423; baseline 0.003 -25"><span class='ocrx_word' id='word_1_90' title='bbox 219 2315 310 2398; x_wconf 91' lang='lat' dir='ltr'>Nec</span> <span class='ocrx_word' id='word_1_91' title='bbox 325 2319 443 2400; x_wconf 88' lang='lat' dir='ltr'>toties</span> <span class='ocrx_word' id='word_1_92' title='bbox 458 2319 576 2400; x_wconf 88' lang='lat' dir='ltr'>morti</span> <span class='ocrx_word' id='word_1_93' title='bbox 595 2316 702 2398; x_wconf 88' lang='lat' dir='ltr'>locus</span> <span class='ocrx_word' id='word_1_94' title='bbox 721 2311 776 2396; x_wconf 82' lang='lat' dir='ltr'>etr</span> <span class='ocrx_word' id='word_1_95' title='bbox 792 2312 832 2396; x_wconf 87' lang='lat' dir='ltr'>in</span> <span class='ocrx_word' id='word_1_96' title='bbox 851 2339 1017 2423; x_wconf 76' lang='lat' dir='ltr'>corpore</span> <span class='ocrx_word' id='word_1_97' title='bbox 1031 2313 1187 2421; x_wconf 85' lang='lat' dir='ltr'>Christi,</span> 
     </span>
    </p>

    <p class='ocr_par' dir='ltr' id='par_1_8' title="bbox 220 2479 1150 2598">
     <span class='ocr_line' id='line_1_14' title="bbox 220 2479 1150 2598; baseline -0.001 -31"><span class='ocrx_word' id='word_1_98' title='bbox 220 2483 303 2598; x_wconf 73' lang='lat' dir='ltr'><em>Q</em></span> <span class='ocrx_word' id='word_1_99' title='bbox 322 2482 440 2568; x_wconf 89' lang='lat' dir='ltr'>semel</span> <span class='ocrx_word' id='word_1_100' title='bbox 456 2482 621 2568; x_wconf 83' lang='lat' dir='ltr'>admillis</span> <span class='ocrx_word' id='word_1_101' title='bbox 638 2507 713 2594; x_wconf 86' lang='lat' dir='ltr'>pro</span> <span class='ocrx_word' id='word_1_102' title='bbox 730 2479 867 2564; x_wconf 85' lang='lat' dir='ltr'>nostris</span> <span class='ocrx_word' id='word_1_103' title='bbox 886 2479 1031 2564; x_wconf 90' lang='lat' dir='ltr'>obtulit</span> <span class='ocrx_word' id='word_1_104' title='bbox 1044 2481 1150 2566; x_wconf 86' lang='lat' dir='ltr'>ultro</span> 
     </span>
    </p>

    <p class='ocr_par' dir='ltr' id='par_1_9' title="bbox 219 2647 1160 2924">
     <span class='ocr_line' id='line_1_15' title="bbox 219 2647 1160 2762; baseline -0.003 -25"><span class='ocrx_word' id='word_1_105' title='bbox 219 2651 307 2762; x_wconf 90' lang='lat' dir='ltr'>lpse</span> <span class='ocrx_word' id='word_1_106' title='bbox 326 2649 434 2736; x_wconf 91' lang='lat' dir='ltr'>suum</span> <span class='ocrx_word' id='word_1_107' title='bbox 452 2669 567 2761; x_wconf 92' lang='lat' dir='ltr'>caput</span> <span class='ocrx_word' id='word_1_108' title='bbox 584 2671 733 2734; x_wconf 75' lang='lat' dir='ltr'>aterno</span> <span class='ocrx_word' id='word_1_109' title='bbox 751 2649 861 2732; x_wconf 87' lang='lat' dir='ltr'>sacra</span> <span class='ocrx_word' id='word_1_110' title='bbox 874 2647 1027 2730; x_wconf 68' lang='lat' dir='ltr'>vidima</span> <span class='ocrx_word' id='word_1_111' title='bbox 1042 2653 1160 2760; x_wconf 81' lang='lat' dir='ltr'>patri:</span> 
     </span>
     <span class='ocr_line' id='line_1_16' title="bbox 219 2813 1146 2924; baseline 0 -22"><span class='ocrx_word' id='word_1_112' title='bbox 219 2819 349 2902; x_wconf 89' lang='lat' dir='ltr'>Multa</span> <span class='ocrx_word' id='word_1_113' title='bbox 364 2819 454 2901; x_wconf 88' lang='lat' dir='ltr'>licet</span> <span class='ocrx_word' id='word_1_114' title='bbox 468 2815 609 2900; x_wconf 77' lang='lat' dir='ltr'>sandlis</span> <span class='ocrx_word' id='word_1_115' title='bbox 625 2818 743 2900; x_wconf 88' lang='lat' dir='ltr'>toties</span> <span class='ocrx_word' id='word_1_116' title='bbox 765 2837 831 2898; x_wconf 90' lang='lat' dir='ltr'>eat</span> <span class='ocrx_word' id='word_1_117' title='bbox 851 2813 976 2898; x_wconf 85' lang='lat' dir='ltr'>hostia</span> <span class='ocrx_word' id='word_1_118' title='bbox 995 2815 1146 2924; x_wconf 89' lang='lat' dir='ltr'>abaris,</span> 
     </span>
    </p>

    <p class='ocr_par' dir='ltr' id='par_1_10' title="bbox 219 2980 1035 3069">
     <span class='ocr_line' id='line_1_17' title="bbox 219 2980 1035 3069; baseline -0.004 0"><span class='ocrx_word' id='word_1_119' title='bbox 219 2989 274 3069; x_wconf 91' lang='lat' dir='ltr'>Et</span> <span class='ocrx_word' id='word_1_120' title='bbox 290 2981 489 3068; x_wconf 83' lang='lat' dir='ltr'>matutinis</span> <span class='ocrx_word' id='word_1_121' title='bbox 506 3001 740 3066; x_wconf 85' lang='lat' dir='ltr'>renoventur</span> <span class='ocrx_word' id='word_1_122' title='bbox 757 2980 895 3066; x_wconf 87' lang='lat' dir='ltr'>funera</span> <span class='ocrx_word' id='word_1_123' title='bbox 910 2983 1035 3066; x_wconf 85' lang='lat' dir='ltr'>sacris.</span> 
     </span>
    </p>

    <p class='ocr_par' dir='ltr' id='par_1_11' title="bbox 214 3147 1472 4096">
     <span class='ocr_line' id='line_1_18' title="bbox 218 3147 1290 3261; baseline 0.001 -25"><span class='ocrx_word' id='word_1_124' title='bbox 218 3151 327 3236; x_wconf 89' lang='lat' dir='ltr'>Tum</span> <span class='ocrx_word' id='word_1_125' title='bbox 344 3149 527 3261; x_wconf 85' lang='lat' dir='ltr'>quamvis,</span> <span class='ocrx_word' id='word_1_126' title='bbox 551 3147 642 3230; x_wconf 93' lang='lat' dir='ltr'>dum</span> <span class='ocrx_word' id='word_1_127' title='bbox 662 3147 912 3259; x_wconf 82' lang='lat' dir='ltr'>languentum</span> <span class='ocrx_word' id='word_1_128' title='bbox 929 3149 1126 3234; x_wconf 86' lang='lat' dir='ltr'>serrantur</span> <span class='ocrx_word' id='word_1_129' title='bbox 1144 3148 1184 3231; x_wconf 93' lang='lat' dir='ltr'>in</span> <span class='ocrx_word' id='word_1_130' title='bbox 1202 3151 1290 3238; x_wconf 86' lang='lat' dir='ltr'>usus</span> 
     </span>
     <span class='ocr_line' id='line_1_19' title="bbox 219 3313 1193 3428; baseline -0.001 -25"><span class='ocrx_word' id='word_1_131' title='bbox 219 3319 361 3403; x_wconf 65' lang='lat' dir='ltr'>Sancta</span> <span class='ocrx_word' id='word_1_132' title='bbox 378 3313 502 3419; x_wconf 87' lang='lat' dir='ltr'>adytis</span> <span class='ocrx_word' id='word_1_133' title='bbox 519 3313 682 3420; x_wconf 88' lang='lat' dir='ltr'>occlusa,</span> <span class='ocrx_word' id='word_1_134' title='bbox 708 3313 780 3397; x_wconf 89' lang='lat' dir='ltr'>srtu</span> <span class='ocrx_word' id='word_1_135' title='bbox 798 3315 1026 3428; x_wconf 86' lang='lat' dir='ltr'>consumpta</span> <span class='ocrx_word' id='word_1_136' title='bbox 1042 3319 1193 3403; x_wconf 85' lang='lat' dir='ltr'>vetusto</span> 
     </span>
     <span class='ocr_line' id='line_1_20' title="bbox 219 3481 1193 3600; baseline 0 -32"><span class='ocrx_word' id='word_1_137' title='bbox 219 3481 421 3568; x_wconf 89' lang='lat' dir='ltr'>Interdum</span> <span class='ocrx_word' id='word_1_138' title='bbox 440 3483 611 3594; x_wconf 87' lang='lat' dir='ltr'>aspicias,</span> <span class='ocrx_word' id='word_1_139' title='bbox 634 3481 924 3596; x_wconf 87' lang='lat' dir='ltr'>squalentiaque</span> <span class='ocrx_word' id='word_1_140' title='bbox 937 3485 1096 3600; x_wconf 81' lang='lat' dir='ltr'>exignus</span> <span class='ocrx_word' id='word_1_141' title='bbox 1111 3511 1193 3568; x_wconf 87' lang='lat' dir='ltr'>mus</span> 
     </span>
     <span class='ocr_line' id='line_1_21' title="bbox 218 3649 1472 3764; baseline -0.003 -27"><span class='ocrx_word' id='word_1_142' title='bbox 218 3651 430 3762; x_wconf 88' lang='lat' dir='ltr'>Carpserit,</span> <span class='ocrx_word' id='word_1_143' title='bbox 451 3671 517 3734; x_wconf 85' lang='lat' dir='ltr'>aut</span> <span class='ocrx_word' id='word_1_144' title='bbox 537 3649 673 3734; x_wconf 75' lang='lat' dir='ltr'>smiles</span> <span class='ocrx_word' id='word_1_145' title='bbox 689 3650 848 3735; x_wconf 90' lang='lat' dir='ltr'>tulerint</span> <span class='ocrx_word' id='word_1_146' title='bbox 866 3651 1046 3738; x_wconf 89' lang='lat' dir='ltr'>libamina</span> <span class='ocrx_word' id='word_1_147' title='bbox 1063 3653 1201 3764; x_wconf 86' lang='lat' dir='ltr'>pestes,</span> <span class='ocrx_word' id='word_1_148' title='bbox 1335 3691 1388 3760; x_wconf 80' lang='lat'>²¹5</span> <span class='ocrx_word' id='word_1_149' title='bbox 1468 3685 1472 3695; x_wconf 91' lang='lat'>·</span> 
     </span>
     <span class='ocr_line' id='line_1_22' title="bbox 216 3815 1235 3930; baseline -0.01 -20"><span class='ocrx_word' id='word_1_150' title='bbox 216 3821 308 3910; x_wconf 92' lang='lat' dir='ltr'>Vim</span> <span class='ocrx_word' id='word_1_151' title='bbox 326 3815 474 3902; x_wconf 88' lang='lat' dir='ltr'>nullam</span> <span class='ocrx_word' id='word_1_152' title='bbox 491 3817 664 3902; x_wconf 88' lang='lat' dir='ltr'>admittit</span> <span class='ocrx_word' id='word_1_153' title='bbox 681 3839 814 3904; x_wconf 89' lang='lat' dir='ltr'>tamen</span> <span class='ocrx_word' id='word_1_154' title='bbox 832 3815 1053 3902; x_wconf 82' lang='lat' dir='ltr'>inviolabile</span> <span class='ocrx_word' id='word_1_155' title='bbox 1069 3845 1235 3930; x_wconf 84' lang='lat' dir='ltr'>corpus:</span> 
     </span>
     <span class='ocr_line' id='line_1_23' title="bbox 214 3983 1142 4096; baseline -0.008 -20"><span class='ocrx_word' id='word_1_156' title='bbox 214 3993 323 4076; x_wconf 89' lang='lat' dir='ltr'>Nam</span> <span class='ocrx_word' id='word_1_157' title='bbox 341 4008 468 4069; x_wconf 86' lang='lat' dir='ltr'>rerum</span> <span class='ocrx_word' id='word_1_158' title='bbox 486 3983 629 4096; x_wconf 89' lang='lat' dir='ltr'>species</span> <span class='ocrx_word' id='word_1_159' title='bbox 645 3985 710 4069; x_wconf 89' lang='lat' dir='ltr'>ubi</span> <span class='ocrx_word' id='word_1_160' title='bbox 728 4005 871 4094; x_wconf 87' lang='lat' dir='ltr'>coeptae</span> <span class='ocrx_word' id='word_1_161' title='bbox 889 3983 996 4094; x_wconf 82' lang='lat' dir='ltr'>pelle</span> <span class='ocrx_word' id='word_1_162' title='bbox 1016 3987 1142 4069; x_wconf 86' lang='lat' dir='ltr'>teneri</span> 
     </span>
    </p>
   </div>
   <div class='ocr_carea' id='block_1_5' title="bbox 215 4147 1389 4406">
    <p class='ocr_par' dir='ltr' id='par_1_12' title="bbox 215 4147 1389 4406">
     <span class='ocr_line' id='line_1_24' title="bbox 215 4147 1131 4268; baseline -0.003 -27"><span class='ocrx_word' id='word_1_163' title='bbox 215 4154 393 4268; x_wconf 65' lang='lat' dir='ltr'>Pullum,</span> <span class='ocrx_word' id='word_1_164' title='bbox 416 4177 561 4238; x_wconf 88' lang='lat' dir='ltr'>numen</span> <span class='ocrx_word' id='word_1_165' title='bbox 578 4149 705 4246; x_wconf 89' lang='lat' dir='ltr'>subito</span> <span class='ocrx_word' id='word_1_166' title='bbox 722 4147 914 4238; x_wconf 88' lang='lat' dir='ltr'>evanescit</span> <span class='ocrx_word' id='word_1_167' title='bbox 928 4148 970 4234; x_wconf 91' lang='lat' dir='ltr'>in</span> <span class='ocrx_word' id='word_1_168' title='bbox 984 4177 1131 4260; x_wconf 86' lang='lat' dir='ltr'>auram,</span> 
     </span>
     <span class='ocr_line' id='line_1_25' title="bbox 1289 4317 1389 4406; baseline 0.01 -1"><span class='ocrx_word' id='word_1_169' title='bbox 1289 4317 1389 4406; x_wconf 82' lang='lat' dir='ltr'>Car-</span> 
     </span>
    </p>
   </div>
   <div class='ocr_carea' id='block_1_6' title="bbox 0 0 1584 5198">
    <p class='ocr_par' dir='ltr' id='par_1_13' title="bbox 0 0 1584 5198">
     <span class='ocr_line' id='line_1_26' title="bbox 0 0 1584 5198; baseline 0 3"><span class='ocrx_word' id='word_1_170' title='bbox 0 0 1584 5198; x_wconf 95' lang='lat' dir='ltr'> </span> 
     </span>
    </p>
   </div>
  </div>
 </body>
</html>
