3160 5198
357 255 544 342 Humi
584 279 644 340 ns
680 256 849 342 Rnus
886 255 1120 342 Divims.
1171 295 1174 304 λ
1246 285 1319 360 15!

601 591 875 696 DIVO

157 831 567 1000 PETRO
633 827 1326 1026 APOSTOLO‚

391 1149 484 1272 De
515 1147 639 1312 ejus
671 1155 1094 1278 Ciminii.

309 1481 447 1564 APAE!
472 1479 666 1588 potestate
685 1478 831 1590 uspiam
846 1479 1071 1566 mortalium

7 1693 9 1778 ι
158 1497 424 1874 PDiis
434 1655 610 1762 proxima
623 1649 723 1738 adeo
731 1653 1147 1765 quemqmminaltum
1156 1653 1329 1765 subvehi,

337 1831 399 1912 Ut
417 1829 586 1914 summus
603 1854 702 1912 unus
719 1827 870 1912 ceteris
884 1828 1113 1916 mortalibus

155 1994 392 2100 Praescribat,
419 1995 474 2080 illi
492 2020 612 2078 nemo
627 1992 783 2104 prorsus
801 1995 999 2099 omnium

157 2165 329 2248 Muffent
343 2161 411 2247 sed
429 2191 579 2269 omnes,
602 2160 817 2274 sponteque
835 2164 902 2248 uni
921 2183 1086 2278 pareant
1307 2199 1328 2262 5

7 2287 8 2340 ³
159 2333 312 2414 Pietate
329 2331 407 2415 sola
425 2330 582 2416 adduffi
597 2330 639 2414 in
653 2328 792 2414 animis
809 2329 922 2414 insita

161 2503 306 2607 Suapte
323 2501 357 2582 vi
374 2497 674 2610 parentiumque
689 2496 854 2580 ritibus?

159 2673 284 2750 Porro
298 2667 362 2750 ille
378 2664 561 2750 mortales
577 2662 702 2748 adhuc
719 2659 821 2772 apud
837 2687 1014 2770 manens,

9 2825 10 2860 ³
161 2836 414 2947 Qaecunque
431 2832 481 2916 de
498 2831 699 2916 hominum
718 2829 963 2915 constituerit
977 2828 1117 2938 noxiis,

162 3005 261 3084 Sunt
281 3021 366 3083 rata
382 2997 485 3108 apud
499 2996 600 3108 ipsos
617 2997 771 3084 coelites
790 2997 973 3099 arbitri23
1299 3031 1338 3080 ιο

163 3168 390 3276 Animaeque
410 3190 616 3276 corporum
636 3163 829 3274 expeditae
846 3165 1008 3252 nexibus

163 3334 253 3418 Sive
269 3331 427 3444 illigarit
442 3331 546 3418 idem
562 3359 641 3438 eas,
666 3327 734 3416 seu
752 3331 924 3438 solverit,

163 3507 328 3588 Haerent
347 3499 491 3612 ligatae,
514 3509 554 3584 &
569 3497 702 3584 inseris
719 3497 940 3586 fornacibus

163 3666 401 3752 Cremantur
416 3667 520 3777 igne,
545 3667 609 3750 vel
632 3666 764 3752 solutae
782 3668 969 3755 devolant

163 3834 374 3924 Feliciores
392 3833 570 3919 coelitum
589 3831 752 3918 inveaae
767 3833 930 3920 domos:

164 4004 297 4088 Recio
315 3999 438 4084 modo
454 3999 629 4105 arbitrio,
651 4027 724 4086 nec
743 4025 878 4086 errore
893 4000 936 4084 id
952 3999 1050 4089 fuat„

163 4168 246 4256 Dei
263 4167 347 4252 haec
361 4167 533 4280 potestas
550 4168 721 4278 maximi,
743 4165 823 4254 Dei
835 4165 979 4280 optimi
996 4165 1054 4254 est

1223 4329 1343 4420 com·
