3168 5190
296 259 372 336 ²²4
517 235 698 310 Muses
736 227 1062 309 Hsuuorssrss
1100 230 1240 312 Vsus

294 453 467 533 Orantes
484 473 616 533 verum
631 442 801 528 tenebris
817 439 977 526 hausere
992 441 1158 554 iugatis..
1382 483 1445 540 ,ιος

223 633 226 640 ’
294 613 444 701 Omnia
458 641 546 726 quae
564 613 827 698 innumerum
845 634 1038 692 memores
1056 611 1192 694 altaris
1208 611 1353 698 circum

293 783 487 882 Dicimus3
513 781 576 864 hic
594 779 717 865 nullus
734 777 800 888 qui
819 803 901 887 uon
917 774 1013 907 mihi
1032 775 1201 908 succinat
1221 777 1322 863 ordo
1337 782 1400 886 est,

294 949 416 1036 Nulla
434 947 509 1032 tuis
526 973 611 1060 quae
628 973 710 1032 non
727 945 848 1029 titulis
865 942 1066 1056 indulgeat
1083 963 1189 1031 aetas.

293 1119 454 1226 Nempe
472 1113 544 1197 tibi
562 1115 707 1222 primos
724 1112 848 1223 pueri,
869 1109 1075 1220 mixtaeque
1093 1111 1230 1221 puellae

295 1289 455 1393 Semper
469 1307 560 1366 vere
578 1281 714 1393 legunt
731 1277 1047 1384 floreustcerea
1063 1297 1180 1362 cantu
1402 1315 1447 1360 sm

294 1453 414 1534 Dona
432 1447 577 1554 ferunt,
603 1447 789 1558 vitiisque
806 1463 974 1528 onerant
992 1442 1126 1527 altaria
1142 1443 1299 1558 frugum

293 1616 473 1700 Primitiis
490 1615 541 1700 de
558 1641 668 1700 more
689 1613 777 1720 uiri,
799 1611 1018 1723 matresque
1037 1613 1191 1696 suorum

134 1771 142 1788 ”
292 1783 391 1894 Ipsae
406 1783 524 1866 etiam
543 1780 614 1864 tibi
628 1780 724 1864 dant
738 1807 902 1891 operum
920 1779 1101 1864 testantia
1118 1780 1287 1864 studium

293 1957 473 2058 Munera,
493 1949 726 2053 bombycum
745 1945 871 2052 folles,
895 1945 1039 2058 linique
1056 1945 1248 2057 maniplos

293 2125 328 2204 E
346 2115 473 2222 nodis,
494 2114 699 2227 albumque
714 2112 830 2200 oculo
844 2113 1023 2226 nigrante
1033 2077 1229 2200 ¹fasellum.
1399 2147 1442 2206 us

291 2285 357 2368 Tu
373 2283 506 2394 populi
524 2282 689 2391 praesens
705 2301 799 2366 vota
813 2279 922 2364 audis
937 2281 1013 2365 rite
1027 2300 1201 2390 vocatus,

292 2449 524 2562 Auertisque
543 2447 618 2532 tuis
635 2447 813 2561 precibus
829 2448 933 2531 mala
950 2447 1114 2558 plurima
1133 2453 1259 2564 genti,
1359 2515 1364 2525 .

292 2617 517 2702 Concilians
532 2616 643 2700 nobis
661 2617 832 2701 aversum
850 2614 1011 2699 crimine
1030 2617 1163 2701 nostro

291 2784 506 2868 Coelestum
526 2745 671 2898 regem,
692 2783 1004 2894 &quodcunque
1023 2783 1174 2894 piacula
1188 2784 1301 2894 pubis

289 2951 480 3056 Infecere,
503 2970 574 3034 tuo
592 2971 637 3034 tu
654 2948 766 3035 diluis
783 2903 863 3060 isse
881 2950 1029 3055 fauore,
1399 2981 1444 3030 nu

289 3125 343 3204 Et
360 3136 440 3220 tua,
465 3142 541 3228 qua
556 3116 717 3200 multum
737 3116 873 3226 polles,
894 3145 966 3201 nos
983 3119 1110 3230 gratia
1128 3117 1263 3202 servat.

287 3285 409 3368 Nune
424 3309 520 3367 vero
537 3279 566 3366 fi
582 3282 720 3368 nostrae
737 3312 907 3396 unquam
923 3283 999 3370 fuit
1015 3284 1093 3367 ulla
1109 3282 1239 3368 salutis

289 3453 393 3534 Cura
409 3450 496 3556 tibi,
518 3471 587 3534 sut
601 3450 721 3536 nostri
736 3448 765 3535 fi
782 3471 822 3534 te
840 3477 999 3536 movere
1017 3451 1184 3556 labores,

287 3621 407 3706 Nunc
422 3619 469 3700 6!
483 3644 594 3702 'nunc
611 3637 722 3730 pater
739 3617 893 3726 auxilio,
913 3646 1016 3704 nune
1035 3643 1195 3703 munere
1212 3618 1329 3704 nobis

286 3785 355 3870 Est
370 3812 468 3896 opus
482 3785 584 3870 alme
602 3803 686 3893 tuo,
712 3785 832 3871 tentis
846 3812 1006 3872 occurre
1023 3785 1189 3897 periclis,
1398 3813 1445 3878 υς

286 3953 389 4070 Qae
405 3951 558 4058 nostris,
584 3951 653 4037 nisi
670 3949 778 4066 pulsa
795 3972 916 4060 vetes,
940 3951 1151 4040 cervicibus
1165 3951 1322 4039 instant.

282 4123 395 4208 Inter
412 4117 453 4203 se
470 4145 582 4236 reges
598 4118 744 4207 sdverfi
757 4121 861 4207 bella
874 4120 1076 4206 lacessunt:

1374 4284 1445 4372 Mi.
