3180 5184
362 239 546 318 Hunnt
583 255 646 334 nu
677 230 845 314 Rssus
879 229 1123 316 Dtvtnts.
1275 253 1327 348 σᾳ

14 385 16 502 i
151 453 320 538 Proflnit
338 461 451 554 ecee!¹
473 449 595 560 patris
613 445 774 560 natique
791 471 815 528 e
830 415 987 533 numine
1004 445 1146 534 eodem

151 621 318 710 Numen
337 616 455 726 idem,
476 615 675 726 semetqne
692 611 784 722 ideo
803 613 980 724 procedit
996 613 1045 696 ab
1057 611 1143 726 ipso
1289 637 1328 718 to

152 785 318 870 Numen
334 784 453 889 idem,
476 781 581 890 calot
598 780 863 894 omnipotens,
886 778 1054 888 diffissulis
1070 809 1164 890 aura

150 957 353 1064 Petpetuo
369 951 477 1062 itque
497 948 678 1060 reditque
693 948 903 1058 reciproca,
924 967 1079 1036 mutuus
1094 949 1225 1060 ardor,

153 1119 375 1210 Amborom
394 1114 607 1220 communis
622 1139 755 1218 amor,
780 1113 991 1223 lueauteus
1007 1113 1072 1202 ifle

151 1285 328 1370 Halitus:
357 1284 422 1368 hic
436 1285 544 1370 Deus
559 1279 636 1390 ille,
655 1280 720 1368 hic
734 1307 858 1388 amnt,
874 1311 954 1394 quo
973 1286 1111 1371 consta
1127 1303 1272 1393 creata,

153 1450 303 1535 Omnia
322 1478 402 1563 qno
417 1449 607 1556 constant,
628 1447 771 1562 quique
787 1447 919 1558 omnia
935 1448 1093 1554 condita
1108 1453 1247 1560 servat,
1285 1470 1322 1552 ts

152 1621 206 1700 Et
227 1617 348 1703 maria
361 1629 402 1714 &
419 1635 540 1701 tetras
552 1617 735 1728 aurasque
754 1626 795 1702 δι
813 1613 935 1701 fidem
947 1616 1054 1726 coeli,

152 1785 286 1896 Atque
303 1781 496 1886 homines,
518 1793 557 1868 &
575 1809 661 1894 quat
679 1781 746 1867 sub
761 1781 867 1867 coelo
884 1785 1096 1872 animantia
1111 1785 1261 1896 vivunt,

153 1949 459 2064 Qadmpedum
478 1977 612 2062 genus,
635 1961 677 2036 &
689 1949 900 2062 volucmm,
921 1953 1091 2064 vitasque
1107 1972 1323 2066 natantum,

153 2116 420 2228 Graminaqne
439 2127 478 2204 δι
498 2114 646 2228 stirpes,
660 2117 862 2230 animaque
876 2120 1047 2206 carentia
1064 2118 1166 2228 saxa,
1471 2229 1473 2235 Ι

152 2289 353 2396 Erutaque
370 2284 499 2386 effossa
517 2281 674 2386 taudem
690 2283 827 2390 tellure
846 2284 1016 2392 metalla,
1285 2325 1325 2390 99

152 2451 302 2541 Omnia
319 2479 406 2564 quas
422 2453 462 2552 in
479 2449 639 2547 nihilum
660 2448 823 2533 redeant
839 2448 1006 2562 coilapsa
1023 2471 1200 2564 repente,

153 2617 372 2707 Sustentata
393 2619 502 2717 fiuant
522 2615 589 2705 nist
606 2615 706 2721 tanti
725 2615 891 2701 numinis
910 2643 1015 2724 suta.

150 2784 228 2868 Hic
247 2810 360 2868 amor
371 2785 439 2890 est,
457 2812 538 2895 quo
554 2783 738 2884 mortales
756 2803 944 2898 regnator
959 2782 1120 2894 Olympi

152 2951 400 3061 Prosequitur
416 2953 561 3038 bonus:
592 2949 654 3034 hic
668 2949 785 3056 idem,
807 2980 888 3063 quo
904 2979 976 3038 nos
991 2979 1148 3066 quoque
1166 2973 1307 3064 contra

150 3117 266 3201 Grati
286 3117 392 3203 illurn
408 3117 600 3222 ardemus,
617 3145 695 3230 quo
712 3119 751 3204 se
771 3119 971 3234 superique
986 3119 1237 3236 hominesque
1284 3155 1319 3220 st

150 3291 291 3369 Mutua
310 3306 443 3369 amant
457 3285 563 3386 inter
580 3285 657 3380 [ese
676 3285 823 3401 pietate
841 3287 1032 3392 foventes.

148 3453 228 3544 Hic
245 3477 358 3535 amor
370 3451 426 3534 est
440 3453 545 3555 coeli,
567 3471 754 3568 terrarum
770 3453 852 3560 hae
866 3474 997 3540 mutua
1015 3452 1170 3542 flamma

149 3619 304 3710 Confita
319 3615 468 3724 fovens,
495 3618 690 3732 nudusque
704 3640 834 3726 tenax,
857 3619 1075 3706 &amabile
1093 3619 1276 3727 vinclum,

150 3785 368 3870 Coelestum
384 3785 440 3870 vis
457 3813 612 3900 magna,
634 3787 713 3874 Dei
732 3785 1037 3870 immemorabile
1052 3783 1212 3870 donum.

150 3951 255 4036 Hinc
273 3953 401 4037 omnis
415 3951 554 4075 pietas,
575 3953 664 4041 hinc
679 3952 807 4040 omnis
823 3952 990 4064 denique
1009 3951 1143 4057 sixtus,
1268 3983 1324 4044 ιο,

149 4121 256 4203 Aura
272 4139 433 4230 potens,
459 4147 569 4206 amor
586 4121 822 4235 ignipotens,
839 4119 1021 4234 spirabile,
1031 4143 1191 4227 numen,

893 4291 956 4370 12
1238 4275 1325 4384 SPi·
