3160 5198
376 302 560 380 Hrnnr
599 319 657 378 nn
697 297 866 380 Rarus
892 296 1134 384 Drvrnrs.
1260 325 1336 412 περ

173 519 279 600 Ante
295 517 404 623 alios,
426 519 557 597 Petrus
573 511 654 622 ipse
671 533 736 594 tua
755 511 809 594 est
827 511 913 620 post
928 540 1023 597 voce
1039 513 1200 602 secutus.

171 688 409 764 Fortunate!
437 679 570 762 datum
590 679 646 761 est
665 680 734 762 tibi
752 679 845 763 coeli
865 708 1022 766 cernere
1044 709 1178 796 regem

172 850 348 952 Mortali‚
367 861 407 932 &
425 847 578 930 sandios
597 844 771 927 manibus
790 845 1013 930 mortalibus
1032 866 1137 930 artus

172 1015 376 1126 Tangere:
408 1033 490 1093 tum
508 1037 615 1094 veras
631 1038 743 1094 voces
759 1005 964 1123 divinaque
982 1013 1099 1100 verba

174 1183 350 1283 Haurire,
378 1191 418 1264 δι
435 1177 543 1260 sociis
560 1180 677 1260 toties
695 1178 920 1260 accumbere
935 1179 1085 1266 menfis.
1301 1204 1342 1262 60

174 1350 232 1428 O!
256 1373 332 1458 ego
349 1365 441 1428 tunc
460 1343 539 1427 illas
559 1370 626 1424 cur
641 1357 719 1426 non
737 1341 820 1426 snm
836 1363 948 1429 natus
965 1346 1016 1430 ad
1030 1347 1151 1432 undar

173 1510 366 1595 Piscator?
394 1537 490 1622 quos
508 1537 586 1590 non
607 1509 755 1614 hamos,
783 1537 869 1620 quae
884 1539 965 1594 non
981 1541 1073 1596 cava
1089 1517 1200 1602 laetus

173 1679 290 1760 Retia
310 1677 493 1789 liquiffetu
513 1687 551 1761 &
571 1677 739 1758 lembum
756 1687 796 1760 &
816 1705 902 1758 cunr
922 1679 1079 1764 flumine
1097 1683 1232 1792 pisces,

172 1845 382 1956 Nasiasque
400 1844 597 1952 cratesque
618 1854 656 1926 &a
676 1842 864 1924 vimineos
881 1845 1118 1954 caiathiscos,

172 2017 223 2092 Et
240 2013 382 2095 testum
403 2021 442 2094 ὅτ
458 2010 622 2122 patriani
637 2021 675 2094 δι
693 2015 827 2092 caros?
854 2035 916 2090 nte
936 2010 1155 2124 denique&
1167 1963 1295 2131 ipsuni

173 2178 366 2262 Omnibus
384 2176 564 2288 adjiciens
581 2175 759 2258 haesristm
781 2177 959 2284 protinus
977 2181 1058 2287 uui,
1300 2214 1339 2269 rr

171 2344 317 2426 Omnia
332 2347 395 2456 qni
412 2347 577 2454 superat,
604 2345 744 2452 quique
764 2342 944 2426 omnibus
962 2345 1017 2428 est
1031 2344 1120 2431 satis
1137 2377 1235 2436 unus
1245 2398 1258 2453 ;

173 2506 1336 2626 quuihabet‚omniahabet‚nulliusq;indigusultraest:

172 2678 271 2791 Qae
285 2698 329 2758 tu
342 2676 499 2786 praesagi
513 2671 652 2756 senfitti
666 2675 836 2784 petitoris
847 2674 993 2759 haustu.

172 2843 317 2925 Omnia
335 2839 521 2952 desperti,
549 2867 704 2952 praeque
726 2869 806 2923 uno
825 2839 878 2922 nil
896 2861 1000 2924 ratus
1018 2844 1095 2930 effe
1297 2890 1336 2946 7⁰

72 3097 78 3102 ,
171 3009 335 3115 Caetera,
363 3009 549 3120 flagrabas
567 3005 719 3089 ardenti
737 3008 845 3091 unius
863 3033 1009 3093 amore.

170 3173 280 3254 lidum
301 3177 432 3258 animo
450 3173 659 3284 suspirabas
678 3174 886 3285 noerosque
906 3173 1076 3289 diesque,

169 3347 220 3422 Et
238 3339 387 3426 dulcem
405 3339 544 3450 cupido
561 3339 740 3450 pascebas
755 3342 914 3448 pectore
929 3372 1073 3430 curant.

168 3511 360 3620 Praecipue
378 3511 579 3621 postquam
598 3510 765 3592 moriens
786 3527 939 3592 terrena
958 3513 1114 3624 reliquit

168 3679 318 3782 Sponte
337 3637 415 3781 sua,
433 3687 473 3760 &
494 3676 661 3758 nostram
679 3673 825 3758 delevit
837 3651 1023 3790 sanguine
1038 3678 1186 3784 labern3
1294 3723 1329 3778 75

167 3843 343 3925 Protinus
359 3839 526 3926 aetherea
547 3839 692 3924 afflatus
710 3840 892 3926 divinitus
911 3872 1001 3930 aura

168 4010 268 4092 Cum
288 4006 410 4113 sociis,
434 4009 610 4123 miroque
626 4009 796 4092 animum
815 4007 1075 4096 inflammatus
1090 4037 1225 4102 amore

167 4173 278 4287 Qos
298 4173 415 4280 casus,
437 4197 524 4285 quae
544 4199 625 4258 non
643 4173 860 4261 discrimina
879 4176 1017 4287 sponte
1032 4175 1161 4264 subisti

909 4347 947 4427 Y
1271 4351 1335 4428 In-
