3160 5198
253 331 330 408 144
462 299 649 377 Murci
688 285 1020 366 Hrruourur
1060 275 1202 358 Vrbe

249 520 359 636 Qiu
378 527 417 602 δι
435 507 565 596 {utura
582 497 795 613 previdens
812 497 932 608 longe
951 485 1072 574 refers

321 687 467 770 Coram
486 675 590 761 velut
606 663 824 780 praesentia,

251 865 308 946 Et
326 848 555 939 nuscitumm
576 833 760 949 praedicas
776 827 1000 916 mortalibus

323 1027 458 1106 Heroa
474 1011 524 1096 de
541 1010 634 1090 Deo
651 1005 794 1106 Deum,

255 1188 339 1304 Qui
356 1182 486 1272 nostra
504 1170 658 1290 penitus
678 1169 851 1256 demeret
870 1161 1034 1274 piacula,

329 1357 480 1440 cruore
495 1371 568 1430 nos
586 1343 716 1426 lavans
730 1337 817 1420 suo:

260 1517 466 1631 Nobisque
484 1511 614 1598 nostra
629 1503 797 1591 ostendis
813 1499 916 1584 idem
934 1517 1126 1604 tempora,

326 1697 381 1775 Et
396 1675 649 1789 nosmetipsis
666 1669 824 1756 iudicas.

260 1857 372 1942 Salve
387 1847 522 1963 procul
540 1843 753 1932 videntium
768 1853 898 1920 vatum
915 1829 1085 1940 optime!
1120 1923 1123 1930 ,

335 2025 491 2134 Regum
510 2011 614 2098 idem
633 2035 706 2096 avc
722 1997 942 2088 leuiffimer

261 2189 392 2281 Nobis
409 2185 460 2269 ab
476 2181 557 2265 alto
574 2177 714 2262 dexter
733 2168 838 2274 ades,
865 2177 905 2250 bc
921 2191 994 2250 uos
1011 2185 1078 2248 tua

335 2363 451 2442 Puece
466 2351 585 2463 junge
600 2344 750 2430 summo
768 2335 929 2421 numiui.

263 2523 394 2618 Nobis
410 2519 486 2605 tuis
503 2511 662 2599 innitier
677 2503 844 2616 vestigiis

338 2695 493 2786 Detur;
519 2682 720 2768 imitentur
736 2693 778 2758 te
794 2670 909 2758 duces

268 2871 316 2946 In
335 2855 492 2970 praeliis,
518 2875 628 2960 reges
648 2840 854 2954 sequantur
867 2836 1077 2922 formulam

338 3027 466 3109 Tuam
481 3019 523 3100 iu
539 3007 719 3126 regendis
737 3006 911 3092 urbibus:

270 3187 339 3270 cat
358 3181 454 3268 mm
471 3179 576 3262 foret
593 3192 661 3256 tua
679 3141 848 3253 aemmr
862 3165 1046 3268 carmina,

343 3353 450 3434 Dum
467 3343 531 3428 fila
548 3361 732 3450 percurro
748 3333 920 3421 cithare.

272 3511 395 3630 Qud
412 3513 439 3598 ii
457 3534 583 3622 neque
601 3503 643 3590 id
661 3503 814 3614 penitus
832 3499 967 3584 datum
984 3497 1039 3582 est
1056 3489 1253 3598 accedere,

345 3683 435 3768 Nec
451 3677 581 3790 pluma
598 3693 681 3758 tam
697 3669 780 3754 alta
797 3669 904 3755 volat
920 3691 1021 3773 meu,

276 3845 455 3938 Abstrusa
473 3843 591 3930 mitto
605 3837 772 3930 uersibus
790 3831 980 3942 mysteria,

347 4012 495 4104 Divina
512 4010 630 4097 mitto
648 4004 842 4110 evolvere,
