3168 5190
276 283 352 352 nou
450 266 672 348 -Muucr
712 238 1045 347 Hiuuo'uumr
1082 241 1225 350 Vrnn

273 489 371 568 Saxa
387 479 609 596 fremitque‚
625 483 802 594 rapitque
819 457 1143 566 umul'‘comm0ta
1154 484 1348 596 juventus,
1427 549 1431 556 ·
1574 525 1575 556 t

187 716 191 724 f
271 649 583 763 Praecipitemque
600 650 764 764 agitant,
792 673 908 761 atque
923 668 1032 732 extra
1050 651 1200 735 muenia
1218 645 1369 762 pellunt
1389 599 1532 883 s

269 795 484 925 Iniontem,
503 829 544 904 &
563 817 709 902 meritis
727 845 809 901 non
824 819 982 926 praemia
995 816 1114 932 digna
1132 818 1335 904 ferentem.

268 987 373 1072 Hinc
392 1005 509 1099 atque
526 982 616 1067 iude
634 982 747 1067 sonat
762 985 905 1069 circum
924 1011 1017 1068 cava
1033 984 1166 1070 saxeus
1175 987 1307 1072 imber
1397 1007 1437 1065 co
1574 981 1575 992 '

268 1147 482 1265 Tempora,
492 1161 531 1236 &
547 1147 755 1236 inscribunt
768 1152 913 1237 sacram
927 1148 1010 1235 fera
1021 1179 1219 1238 marmora
1233 1153 1430 1240 frontem:

267 1321 365 1430 lpsae
381 1341 422 1404 te
440 1345 565 1430 rupes,
586 1311 666 1428 ipsa
685 1329 727 1404 &
741 1337 783 1401 te
801 1317 959 1404 flumina
976 1317 1116 1402 moesta

263 1483 481 1572 labentem
495 1485 641 1590 videre,
661 1485 871 1598 animaeque
887 1505 1061 1571 extrema
1079 1486 1313 1573 trahentem.

263 1656 378 1740 Tunc
397 1669 493 1740 &te
510 1652 648 1736 Libani
665 1651 807 1735 flerunt
822 1650 991 1760 palmeta
1005 1654 1226 1765 propinqui,

262 1831 371 1934 Eque
391 1825 497 1908 sacro
514 1845 636 1903 aereae
651 1819 911 1923 lacrymarum
926 1820 1073 1906 uertice
1089 1820 1266 1906 cedris
1387 1850 1424 1920 σς
1574 1773 1575 1858 ¹

261 1990 327 2073 Tu
344 2009 474 2073 tamen
493 1985 678 2072 attollens
692 1985 812 2096 prffas
827 1983 877 2074 ad
896 1981 1018 2069 fidere
1031 1985 1190 2096 primas,

258 2155 523 2266 Immotosque
539 2153 686 2257 oculos,
709 2151 837 2237 media
854 2149 935 2262 ipsa
952 2151 993 2237 in
1007 2173 1136 2238 morte
1148 2153 1314 2299 rogabas

258 2321 494 2406 Coelicolum
508 2345 653 2436 regem,
671 2317 815 2406 crudeli
830 2340 1007 2428 parceret
1023 2321 1139 2428 hosti,

258 2487 359 2572 Cum
377 2485 480 2572 ferus
498 2489 645 2571 interea
663 2514 745 2571 non
760 2487 824 2569 ille
841 2483 1036 2570 absisteret
1053 2488 1147 2595 ictu,

256 2652 333 2736 Sed
352 2657 474 2768 ma'gis
493 2677 608 2766 atque
626 2655 747 2766 magis
763 2651 1110 2767 stimulisugitatus
1126 2657 1263 2772 iniquis
1379 2695 1420 2753 to
1574 2717 1575 2728 i

254 2821 427 2926 seviret,
448 2821 573 2906 donec
591 2819 763 2931 lapidum
782 2821 850 2904 sub
868 2821 1056 2931 grandine
1074 2821 1160 2905 dira

251 2989 395 3072 Efflasti
412 2987 563 3070 felicem
581 2987 763 3092 animam,
784 2989 1004 3100 coelumque
1020 2989 1164 3099 petisti3
1227 2941 1233 2956 Ι

249 3154 371 3240 Unde
388 3151 588 3238 hominum
602 3180 710 3236 curas
726 3153 826 3236 rides
845 3154 1040 3241 miseratus
1057 3157 1204 3259 inanes,

249 3320 560 3433 Supplicibusque
577 3321 695 3426 faves,
722 3340 788 3404 tua
806 3319 872 3430 qui
888 3348 1004 3431 prece
1020 3322 1179 3408 nomina
1197 3322 1375 3434 poscunt.

247 3497 318 3572 Me
336 3516 448 3594 nunc,
470 3489 536 3599 qui
551 3471 671 3572 novus
685 3485 885 3601 ingredior
901 3509 966 3572 tua
983 3488 1128 3600 templa
1144 3489 1335 3599 sacerdos,
1371 3525 1409 3584 n

245 3661 299 3740 Et
314 3655 386 3738 tibi
404 3652 506 3740 sacra
520 3649 606 3737 fero
624 3680 747 3764 puero
761 3680 868 3764 puer,
885 3653 1009 3765 aspice
1026 3653 1192 3767 presens
1202 3703 1216 3760 ς

244 3828 309 3907 Da
325 3817 466 3906 fraudis
485 3819 744 3948 scelerumque
759 3840 932 3904 exortem
952 3819 1092 3908 ducere
1109 3825 1227 3911 vitam
1238 3863 1253 3925 t
1362 3832 1376 3850 ‘¹

242 3993 308 4074 Da
325 4009 575 4076 contemnere
593 4015 703 4098 opes,
724 3997 763 4072 &
778 3987 882 4102 vulgi
897 3989 1050 4102 gaudia,
1076 3991 1260 4100 honores,

239 4165 293 4244 Et
308 4157 412 4244 casto
428 4157 543 4272 usque
557 4155 632 4240 tuis
646 4155 800 4267 operari
815 4157 974 4269 pectore
988 4153 1113 4282 sacris.

1227 4325 1405 4422 Dlvo
