3168 5190
394 297 580 374 Hrnrur
616 315 675 372 uu
711 291 880 372 Rurus
916 291 1158 378 Drvrurs.
1286 319 1363 390 275

187 512 436 622 Tonitruque
460 511 605 620 templa
624 505 799 612 concutit
815 507 1001 590 coelestia.

188 676 404 762 Nobiscum
422 679 524 760 enim
545 677 718 786 persaepe
737 697 875 788 agatur
893 673 1053 780 saeviter,

190 847 320 930 Nobis
339 842 408 927 nist
427 844 505 954 ejus
522 843 663 952 praesto
682 843 823 954 ubique
838 842 939 924 filius

190 1011 349 1095 Adeffet
369 1011 592 1112 advocatus,
620 1021 660 1094 &
678 1012 716 1092 se
734 1031 957 1120 opponeret

192 1181 298 1262 Caro
312 1178 477 1287 parenti,
507 1175 644 1274 isdum
664 1197 776 1286 parat
791 1205 863 1260 nos
879 1175 1054 1260 funditus
1125 1297 1129 1304 ἡ

192 1355 370 1449 Vertere,
399 1343 598 1455 malisque,
618 1373 704 1455 quae
724 1372 929 1448 meremur,
960 1341 1126 1454 perdere
1134 1389 1147 1442 ς

193 1513 269 1594 Cui
288 1511 453 1624 detegit,
478 1539 565 1621 quae
583 1512 704 1620 passus
721 1512 778 1594 est
794 1513 888 1595 olim
908 1512 1043 1598 volens

193 1679 373 1784 Vulnera,
391 1699 613 1788 peremptus
631 1705 704 1786 pro
717 1675 839 1760 salute
857 1678 1022 1786 publica.

194 1851 310 1930 Hunc
328 1847 512 1957 supplices
530 1845 707 1928 homines
728 1846 767 1928 in
786 1844 966 1929 omnibus
985 1841 1133 1927 adeunt

194 2010 505 2120 Discriminibus,
522 2024 562 2098 &
580 2012 812 2097 advocatum
832 2041 951 2096 unum
972 2011 1196 2100 admovent.

47 2225 52 2232 ·
194 2186 353 2286 Verum,
380 2184 469 2294 quia
489 2182 713 2291 plerumque
732 2177 923 2290 suppudet
937 2208 1027 2265 reos

194 2345 315 2430 Adire
332 2350 439 2431 reeta
457 2349 602 2462 regium
618 2367 754 2431 natum
773 2347 943 2457 unicum,

193 2521 311 2598 Hunc
327 2514 623 2624 deprecatorem
640 2533 683 2596 ut
700 2513 768 2597 fibi
786 2514 890 2599 illico
908 2538 1062 2624 parent,

195 2685 311 2768 Neve
330 2682 578 2792 alloquantur
594 2709 683 2764 eum
702 2680 780 2765 fine
794 2682 1058 2788 internuncio,

196 2849 302 2931 Prius
322 2848 509 2934 adhibent
526 2849 575 2934 de
592 2846 734 2932 civium
753 2875 917 2932 numero
935 2848 1096 2958 aliquos,

196 3019 262 3124 Et,
284 3015 515 3100 advocatum
534 3017 601 3128 qui
618 3036 843 3125 precentur,
860 3016 1071 3126 advocant,

198 3187 273 3267 Seu
290 3181 364 3267 fint
383 3181 509 3268 adhuc
526 3213 599 3267 noa
616 3184 721 3266 inter
735 3185 799 3270 hic
814 3183 1048 3295 superstites,

198 3351 288 3433 Sive
307 3351 347 3435 in
368 3350 568 3461 supernam
583 3352 664 3465 jam
681 3350 901 3435 advolarint
919 3353 1078 3448 curiam.

199 3518 266 3600 Est
286 3519 403 3600 tutius
423 3545 517 3599 vero
537 3517 725 3602 advocare
740 3549 839 3631 quos
857 3517 952 3604 scias

199 3689 310 3766 Intra
328 3705 508 3793 receptos
522 3688 602 3798 jam
619 3684 774 3772 aetheris
792 3683 1001 3771 domicilia„

200 3851 342 3961 Neq'ue
362 3851 417 3933 est
435 3852 647 3937 verendum
666 3879 720 3934 ne
735 3851 913 3938 advocati
933 3851 1158 3955 exaudiant,

201 4015 324 4132 Qod
344 4018 493 4127 oppido
510 4019 655 4103 remoti
674 4019 785 4102 abiis
804 4018 983 4103 habitent
1001 4018 1142 4132 plagis,

203 4183 429 4296 Humusque
448 4185 497 4270 ab
516 4187 622 4272 astris
642 4185 762 4272 absret
779 4213 895 4298 quarn
914 4188 1132 4298 plurimum.

860 4361 907 4436 M
926 4383 965 4438 m
991 4387 1011 4436 2
