3160 5198
320 285 322 292 ·
367 238 553 317 Humur
587 255 647 314 ue
682 231 850 314 Runus
883 235 1121 319 Drvrurs.
1253 267 1325 330 117

151 459 302 567 Teque
318 450 417 536 adeo
431 451 646 564 indignam,
672 458 713 532 &
729 447 908 532 meritam
924 450 981 534 nil
995 451 1071 534 tale
1089 451 1265 535 canebas.

3 657 4 676 Ν
153 626 282 705 Parva
298 617 364 702 sed
382 616 487 712 haec;
513 618 661 731 majora
677 635 859 715 manent;
885 615 977 700 date
995 619 1072 701 lilia
1088 619 1226 728 plenis,
1290 643 1328 698 ro

3 801 5 870 Ι
155 786 341 900 Virginei
357 786 451 871 date
469 783 581 868 thura
596 781 718 887 chori,
735 781 836 868 date
852 784 954 866 serta
971 785 1161 870 canistris:

154 955 347 1040 Nascitur
360 951 528 1038 humana
544 949 613 1034 sub
626 949 811 1062 imagine,
837 949 1004 1035 nascitur
1017 949 1157 1060 infans,

158 1123 247 1236 Qi
267 1123 418 1230 semper
431 1118 522 1225 sirit,
545 1117 613 1224 est,
637 1128 678 1202 &
695 1117 785 1225 erit,
806 1118 886 1204 fine
907 1119 1000 1224 fine,
1020 1117 1100 1202 fine
1116 1119 1203 1202 ullis

159 1287 364 1397 Principiis
379 1290 502 1394 Deus,
525 1282 699 1370 immenfi
713 1310 828 1396 quem
845 1286 995 1370 moenia
1016 1286 1151 1371 mundi

160 1457 263 1538 Non
280 1455 453 1564 capiunt,
468 1451 639 1566 visusque
654 1450 855 1540 hominum
873 1453 1071 1566 tasrusque
1090 1455 1246 1568 refirgit.
1293 1472 1326 1543 ῦς

163 1625 276 1733 Saepe
294 1620 390 1705 mihi
405 1618 541 1707 videor
558 1639 600 1706 te
617 1619 767 1738 poplite
782 1649 941 1707 cernere
961 1622 1074 1734 virgo

165 1788 391 1894 Subnixam,
413 1785 679 1902 infantemque
698 1815 832 1873 recens
849 1789 1023 1874 mirarier
1037 1807 1166 1875 ortum

165 1955 433 2069 thrautem,
460 1966 501 2040 δε
519 1957 633 2042 radiis
650 1955 729 2040 late
747 1956 984 2043 vibrantibus
1003 1985 1170 2063 aureum,

167 2123 306 2236 Teque
323 2146 414 2208 tuos
429 2149 557 2233 prono
570 2142 820 2212 venerantem
838 2127 998 2234 pestere
1013 2121 1147 2230 suetus,

166 2291 469 2403 Attonitumque
486 2290 616 2376 senem
633 2290 753 2374 tantis
768 2292 832 2380 vix
850 2291 996 2374 hiscere
1011 2291 1202 2373 monstris.
1296 2327 1333 2386 90

167 2457 318 2542 Felices
334 2459 495 2543 nimium
508 2461 680 2570 pastores
697 2459 745 2543 6!
766 2458 901 2570 quibus
917 2458 1009 2542 olim

167 2623 354 2737 Contigit
372 2625 413 2706 in
429 2623 582 2711 stabulis
597 2627 764 2710 insuetos
781 2650 942 2708 cernere
961 2640 1102 2734 partus.

166 2791 345 2874 Tantum
358 2791 407 2877 ὀΙ
424 2791 621 2906 fiquoqne
638 2819 702 2877 me
721 2790 748 2874 fi
764 2792 888 2878 secula
902 2780 1033 2878 vestra‘
1043 2789 1227 2892 tulissent,

167 2957 427 3070 Pavifiemque
441 2987 547 3044 meas
564 2961 696 3045 vestris
713 2962 753 3046 in
769 2961 923 3046 saltibus
940 2983 1075 3070 agnas:

166 3131 240 3208 Me
258 3125 336 3210 fine
350 3125 604 3210 monstratum
621 3155 691 3212 vos
708 3157 898 3240 nunquam
919 3125 1032 3210 ifietis
1050 3125 1099 3208 ad
1119 3146 1268 3208 antrum
1299 3158 1332 3216 95

168 3292 413 3376 Carminibus
427 3292 569 3377 moniti
586 3295 828 3395 coelestibus3
856 3293 935 3404 ipse
953 3321 1029 3406 ego
1045 3293 1189 3402 primus

168 3458 373 3568 Speluncae
389 3457 540 3546 foribus
558 3460 697 3546 virides
712 3459 901 3564 sylvestria
918 3481 1066 3564 myrtos

166 3633 338 3711 Munera
351 3626 635 3738 suspendissem,
657 3639 696 3714 δι
712 3627 831 3712 florea
850 3625 951 3712 serta
969 3625 1154 3725 tulissem;

168 3794 331 3904 Insuper
347 3805 388 3880 &
403 3820 527 3878 canna
543 3795 758 3880 cecinissem
776 3783 948 3878 carmina
962 3791 1117 3906 agresti,

168 3963 368 4069 Carmina,
394 3987 481 4073 quae
497 3961 569 4046 tibi
587 3989 691 4045 nunc
709 3962 844 4074 regina
861 3980 903 4045 ut
921 3949 1070 4070 cun'que
1088 3953 1237 4039 laboro.
1287 3993 1340 4037 ιω

168 4129 256 4215 Nec
274 4154 340 4214 me
355 4123 459 4212 felici
478 4129 676 4243 quisquam
694 4127 904 4212 extrusisset
924 4127 975 4210 ab
992 4142 1110 4208 antro

1246 4291 1338 4370 Am·
