3180 5184
329 252 512 334 Huuur
546 269 610 328 on
646 247 819 334 Runus
853 249 1084 339 D1v11u13.
1242 287 1292 358 ις

117 469 231 552 Tum
248 467 371 552 varias
388 466 467 549 late
484 464 878 578 diversoincorpore
898 469 1010 574 vitas,
1239 505 1293 568 3⁰5

121 635 306 720 Alituum.
318 631 584 744 pecudumque
600 659 738 745 genus,
760 659 882 748 genus
900 659 1019 718 omne
1034 633 1217 745 ferarum,

122 805 306 916 Qaeque
321 800 428 885 suam
444 815 558 881 certo
571 799 763 886 servantia
779 801 934 886 foedere
950 799 1131 907 formam,

122 973 293 1056 Naturae
309 978 351 1055 tc
368 963 492 1050 stabili
510 963 550 1048 se
563 967 824 1080 propagantia
839 969 939 1084 lege.

121 1141 216 1222 Hoc
225 1161 324 1244 opus
333 1158 452 1218 omne
463 1150 584 1239 turun,
593 1131 675 1218 haec
684 1161 861 1222 manuum
872 1153 1125 1222 monumenta
1133 1156 1295 1232 tuarum.

120 1307 192 1389 Tu
210 1304 329 1405 sator,
352 1322 469 1410 atque
483 1293 617 1407 opifex
634 1326 778 1410 rerum,
800 1322 919 1415 atque
934 1299 1045 1410 ipfius
1060 1303 1174 1416 origo
1238 1343 1296 1406 ,ιο

121 1473 316 1572 Νειῑιπει,Δ
331 1466 359 1550 fi
377 1467 583 1578 quicquam
600 1468 663 1550 iila
679 1468 736 1553 est
756 1469 825 1554 nifi
846 1495 993 1554 nornen
1010 1468 1137 1558 inane.

122 1639 190 1721 Te
207 1655 342 1720 tamen
361 1634 466 1719 haud
482 1631 566 1718 ullis
582 1653 772 1720 terrarum
788 1635 959 1748 partibus
976 1635 1135 1750 usquam

123 1803 298 1914 aspicio,
326 1823 393 1884 tua
412 1829 483 1886 nec
500 1825 631 1884 coram
647 1800 705 1884 fas
720 1829 790 1884 ora
809 1803 923 1913 tueri,

120 1969 217 2054 Nec
233 1969 305 2054 nifi
322 1968 401 2052 sese
416 1969 536 2054 oculis
555 1968 731 2077 praebent
747 1969 930 2056 mortalia
945 1973 1097 2059 nostris.
1149 1981 1153 1992 ’

188 2137 289 2222 Inde
304 2134 404 2220 abeo
410 2181 423 2235 3
438 2136 674 2248 &quoniam
683 2163 771 2223 curn
784 2137 959 2224 nondum
972 2140 1126 2228 luminis
1136 2157 1227 2228 ortu
1240 2173 1295 2243 315

126 2305 244 2390 Clara
257 2305 364 2389 foret
384 2301 507 2409 tellus,
532 2303 599 2391 sed
613 2305 738 2392 adhuc
752 2307 794 2392 in
813 2307 931 2391 noete
944 2307 1085 2396 lateret

124 2471 293 2556 Fumida
311 2466 526 2556 suffundens
544 2496 655 2559 caecae
669 2475 843 2587 caliginis
858 2475 1025 2582 umbras,

126 2641 218 2752 Jam
237 2659 325 2724 tuus
343 2643 530 2750 aequoreis
547 2641 710 2724 innabat
727 2636 880 2746 spiritus
895 2637 1008 2722 undis

125 2759 384 2892 Lute'recens
402 2807 481 2891 orti
496 2804 733 2916 perfiundens
747 2803 896 2888 coenula
910 2805 1036 2914 ponti.

126 2973 311 3058 Protinus
327 2972 500 3058 immenfi
513 2991 726 3057 convertor
743 2971 794 3056 ad
809 2997 968 3084 aequora
981 2973 1097 3084 ponti
1242 3007 1300 3072 320

126 3139 333 3256 vestigans
350 3140 505 3252 liquidis
522 3139 650 3252 ecquis
668 3143 778 3224 Deus
793 3160 898 3224 erret
915 3139 957 3223 in
973 3137 1107 3224 undis:

127 3307 308 3418 Apparet
323 3305 447 3396 vastus
465 3304 699 3391 tumidarum
717 3333 859 3420 gurges
875 3333 1079 3418 aquarum:

127 3473 205 3560 Nil
218 3474 288 3559 nifi
302 3491 447 3584 pontus
464 3469 584 3578 adest,
605 3473 796 3585 variaeque
813 3472 883 3556 sub
897 3497 1053 3584 {equore
1070 3467 1221 3582 forma,

127 3639 397 3754 Monstraque,
416 3634 612 3724 deformes
628 3637 778 3749 phocae,
797 3657 915 3752 atque
931 3636 1117 3724 immania
1133 3658 1235 3749 cete,

127 3809 293 3920 Totque
311 3807 376 3892 alii
391 3804 517 3892 vitreo
533 3805 646 3890 nitidi
660 3805 730 3888 sub
745 3807 899 3920 gurgite
915 3806 1050 3916 pisces,
1245 3837 1302 3906 ³²5

129 3975 215 4094 Qi
231 3973 311 4060 sese
325 3969 442 4084 usque
454 3969 573 4058 etiarn
587 3972 805 4086 generatim
821 3971 863 4054 in
876 3970 975 4058 secla
989 3985 1223 4084 propagant,

130 4139 445 4254 Qadrupedum
459 4157 504 4224 ut
516 4165 640 4254 genus
652 4164 786 4246 omne,
805 4156 849 4224 ut
862 4139 952 4234 vitae
966 4139 1304 4250 pennipotenonn.

1215 4299 1306 4386 Nec
