3180 5184
379 259 561 338 Hruur
597 275 658 334 na
694 251 862 336 Rnnus
898 253 1135 338 Drvrnlt.
1321 283 1339 353 3

167 477 274 556 Luce
292 467 430 584 fingant
449 472 644 588 tenebras,
670 467 773 552 haud
790 467 871 551 falsr
889 469 1056 554 numinis
1074 469 1203 553 index.

168 637 354 722 Carmina
373 667 476 721 nunc
492 635 675 722 mutanda
684 679 697 736 3
720 663 824 720 nouo
839 657 940 719 nunc
956 641 1027 719 or'e
1044 637 1280 722 canendum:
1303 649 1340 736 32·

167 809 334 918 Jamque
354 809 446 890 alias
465 805 600 914 sylvas,
626 805 722 889 alins
744 803 926 890 accedere
945 803 1077 887 fontes

168 972 315 1058 Edico:
338 975 419 1085 jam
437 1001 539 1060 nunc
556 972 708 1083 polluto
726 969 822 1054 calle
838 971 977 1056 relitsto

168 1144 258 1222 Hae
273 1139 350 1223 iter
367 1143 471 1226 esto:
501 1141 575 1224 huc
590 1136 786 1226 Musarum
806 1142 1038 1224 revocantur
1053 1137 1220 1224 alumni:

58 1402 65 1411 ¹
167 1304 257 1388 Hac
273 1303 363 1386 casti
378 1318 484 1384 vates
504 1302 544 1384 in
561 1300 766 1412 relligione
785 1320 984 1386 manento.

233 1471 323 1582 Jam
342 1469 480 1552 teritur
499 1467 559 1552 tia
577 1467 681 1552 satta
700 1495 845 1572 recens,
863 1469 1100 1580 veniuntque
1116 1467 1245 1554 vocati
1301 1440 1345 1565 35¹

167 1633 364 1718 Certatim
383 1655 491 1718 vates
502 1679 516 1733 ς
541 1641 643 1754 nova
656 1635 766 1720 cursu
783 1635 919 1718 semita
934 1633 1071 1718 fervet.

168 1803 301 1914 Qam
316 1806 423 1916 juvat
441 1799 636 1886 interdum
653 1801 810 1912 vestigia
825 1801 953 1884 nostra
972 1800 1147 1914 legentes

167 1967 343 2054 Cernere
358 1992 429 2054 nos
440 1971 550 2082 juxta
563 1970 722 2080 juvenes
740 1997 809 2078 per
826 1988 984 2054 amoena
1003 1970 1125 2054 vireta
1202 2069 1204 2072 ¹
1270 2045 1274 2054 .

166 2133 341 2222 Εάιιᾶω
356 2137 479 2221 studio
497 2139 631 2223 nostro
649 2137 857 2246 decerpere
876 2137 1004 2242 florea,

167 2301 283 2412 Qus
299 2305 418 2412 capiti
436 2305 640 2414 imponant
656 2306 766 2416 plexa
786 2304 850 2388 fibi
870 2303 1026 2412 quisque
1046 2313 1214 2387 corona!
1296 2319 1337 2392 4⁴⁶

168 2469 294 2574 Spero
310 2468 426 2552 etiam
444 2470 545 2576 sore,
567 2479 669 2577 cum,
690 2499 774 2580 quae
794 2496 865 2552 nos
883 2468 1127 2550 extundimu's
1146 2465 1215 2576 ipsr

167 2633 417 2742 Insabricata,
440 2640 593 2750 acieque
613 2634 755 2742 retusa1
778 2653 972 2744 utcunque
987 2633 1132 2736 dolata,

14 2825 26 2846 ·
165 2803 276 2884 Dum
294 2831 356 2886 me
375 2803 557 2888 deficiunt
575 2803 657 2886 aliis
676 2823 788 2911 rupta
808 2797 893 2882 ocia
911 2801 1023 2903 curia,

165 2971 274 3052 Dum
291 2971 454 3079 populos
474 2970 567 3054 mihi
584 2970 798 3053 commissos
817 2967 1007 3079 pascoque
1026 2977 1212 3079 regeque,

18 3109 31 3138 ⁵
165 3137 276 3220 Olim
293 3137 426 3249 aliquis
442 3137 567 3241 Divis,
595 3147 634 3220 8<
652 3137 768 3218 Musis
783 3137 909 3220 carior
926 3135 1012 3244 ipfis
1296 3151 1331 3228 4'1

164 3307 213 3384 In
230 3303 364 3388 melius
380 3304 494 3411 fere't,
517 3325 632 3414 atque
652 3302 852 3410 impensius
872 3322 955 3386 arte
974 3303 1134 3410 posibit:

164 3477 219 3552 Et
235 3498 322 3580 quae
337 3471 373 3552 vi
390 3474 518 3554 nostra
534 3471 660 3579 primo
679 3466 871 3577 patesat'ta
887 3471 1020 3552 labore
1037 3469 1106 3572 est,

164 3615 324 3720 Molliu⁸s
341 3637 403 3720 ille
422 3639 522 3720 viam
542 3635 721 3720 solidabit
740 3661 932 3718 marmore
950 3633 1058 3720 sesto

164 3809 274 3890 Auro
288 3801 433 3886 addens
449 3805 567 3886 etiam
586 3803 715 3908 decus,
742 3813 781 3886 &
801 3787 1022 3914 Gangetide
1041 3829 1208 3914 gemma,

162 3975 226 4054 Ut
241 3989 405 4053 teneant
420 3972 559 4066 oculos
574 3967 792 4058 discrimina
810 3971 914 4055 mille
932 3969 1119 4052 colorum.
1296 4001 1333 4060 50

159 4139 220 4224 Mi
238 4134 300 4222 sat
318 4135 394 4222 erit
410 4137 603 4250 specimen
618 4137 709 4248 esari
726 4135 947 4222 monstrasse
964 4134 1119 4238 laboris,

848 4305 885 4387 A
909 4335 932 4388 2
1274 4299 1339 4378 Ut
