3160 5198
352 237 538 324 Hrnrrtr
571 255 632 319 ot
666 227 835 318 Rarus
859 233 1108 322 Drvrrtrs.
1235 255 1311 340 103

242 571 293 740 J.
338 563 786 698 CHRISTO
834 563 1230 695 OrnMnx.

18 749 20 892 i

18 1175 19 1186 ψ
150 787 784 1140 CAROLIii3
857 971 952 1138 V.
1019 973 1307 1194 Imper.

360 1293 396 1371 E
419 1285 628 1398 conjuratis
647 1283 852 1368 Germanis
870 1281 953 1368 haec
966 1281 1071 1370 dicat
1089 1311 1210 1396 arma,

152 1303 357 1678 D
457 1459 610 1542 Christe
625 1457 711 1564 tibi,
731 1456 800 1541 has
816 1456 940 1544 victor
951 1459 1115 1544 Carolus
1132 1463 1301 1552 exuvias.

379 1637 480 1720 Non
498 1632 574 1718 hoc
587 1633 652 1717 ille
664 1630 732 1715 fibi
746 1650 862 1716 tanto
877 1627 1094 1719 discrimine
1106 1636 1251 1724 bellum
1264 1639 1323 1728 est

226 1791 446 1906 Aggress‘us‚
468 1815 568 1874 curre
582 1787 649 1874 sed
663 1807 731 1872 trra
746 1741 856 1874 causa
877 1786 971 1876 firit:

155 1963 252 2076 Qu
272 1981 432 2072 gentem
449 1953 597 2041 eversas
611 1958 753 2043 vistrum
771 1979 972 2044 revocaret
989 1961 1039 2044 ad
1055 1991 1155 2067 aras,
1305 2002 1321 2061 ς

222 2131 290 2212 Ne
304 2127 461 2212 caderet
475 2121 618 2234 priscus
637 2121 848 2236 relligionis
865 2123 1013 2212 honos:

155 2295 320 2410 Objecit
337 2295 418 2376 sese
434 2289 539 2375 furiis
557 2289 760 2402 Aquilonis
777 2290 933 2402 iniquis,

226 2465 317 2548 Nec
335 2461 465 2544 timuit
482 2455 587 2543 sorvis
606 2457 743 2539 obvius
762 2459 817 2540 ire
834 2453 939 2541 feris.

160 2629 264 2721 Vicit
276 2629 336 2712 iol
358 2639 399 2713 δι
411 2625 517 2715 fusos
534 2625 684 2738 disjecit
700 2621 900 2706 montibus
918 2620 1069 2710 hostes:

233 2797 340 2880 Gens
357 2793 446 2878 feru
458 2793 664 2903 procubuit
682 2787 843 2874 Caesaris
861 2811 954 2874 aute
969 2789 1101 2904 pedet.
1293 2835 1330 2882 ιο

160 2966 327 3079 Jamque
343 2960 443 3046 adeo
459 2959 540 3064 ille,
567 2960 699 3044 animo
715 2957 784 3045 fibi
800 2957 869 3070 qui
887 2959 1118 3070 promiserat
1134 2959 1218 3048 alto

231 3130 530 3240 Imperiumque
549 3127 720 3238 Aquilam,
745 3126 916 3211 cernitur
934 3127 992 3212 ire
1009 3129 1161 3215 minor:

162 3297 247 3410 Qi
265 3312 423 3410 gentem
444 3295 485 3378 in
500 3317 633 3407 regem
647 3295 759 3404 reg-ni
774 3291 839 3404 spe
857 3315 991 3403 captus
1008 3296 1127 3407 inani,

237 3469 364 3572 Inque
380 3461 485 3546 suum
503 3460 668 3546 armavit
682 3460 857 3544 membru
874 3465 1011 3548 coactu
1027 3485 1156 3577 caput.

166 3629 261 3742 Qu
276 3629 354 3714 ruis
371 3629 443 3714 ah!
468 3628 652 3715 demens?
678 3652 765 3740 quoe
783 3649 823 3711 te
841 3647 922 3713 tam
939 3629 1024 3717 dira
1041 3631 1187 3746 cupido
1297 3665 1332 3725 rt

238 3796 423 3907 Impulit?
444 3793 526 3908 ipss
542 3817 649 3882 nrum
659 3793 793 3880 tendis
809 3797 851 3879 in
870 3795 1043 3883 exitium.

162 3959 230 4048 Sic
248 3959 349 4046 adeo
365 3960 501 4069 virtus,
520 3963 572 4048 fic
585 3963 718 4074 magui
734 3962 894 4050 Caesaris
909 3991 1017 4048 amru

238 4129 354 4214 Nota
373 4126 460 4233 tibi,
482 4141 524 4218 δι
541 4127 728 4244 nusquam
743 4130 881 4217 cedere
899 4129 1016 4217 docta
1033 4137 1193 4216 manus?
1291 4147 1296 4160 ·

1240 4297 1338 4383 Nou
