3160 5198
239 265 318 365 148
457 265 641 342 Manet
679 260 1015 342 Hunorum
1055 265 1198 342 Vane

240 473 475 562 Conuiuium
493 476 696 563 incestum!
725 477 886 562 efferum
905 475 1183 586 spectaculum!

239 641 394 750 Insane,
417 673 531 751 caue,
552 647 666 728 brute
685 657 771 728 rex!
796 645 873 731 tun'
895 643 1036 755 optimi

240 810 327 900 Viri
343 811 520 896 muliebri
541 811 657 896 offers
671 834 787 922 caput
803 811 981 895 libidini?

242 979 346 1064 Tun'
360 977 560 1085 inclytum²
583 977 771 1086 saucium,
791 984 960 1092 Deoque
979 980 1196 1090 proximum

242 1149 396 1238 ASulis
411 1147 514 1230 almo
533 1147 681 1260 aspellis
700 1147 792 1232 almi
807 1147 967 1252 lumine,

242 1315 376 1424 Qem
394 1337 438 1398 tu
454 1313 624 1421 colebas,
650 1317 859 1427 expetebas
876 1315 1034 1426 pellrma

243 1483 334 1568 Tua
346 1483 646 1592 exprobrantem
664 1483 807 1594 probra
824 1481 1106 1572 confidentiast

243 1651 397 1763 Lugete
414 1651 546 1759 valles,
566 1673 688 1757 antra,
711 1648 947 1754 solitudines,

242 1821 297 1902 Et
316 1818 501 1932 quicquid
516 1819 571 1901 est
587 1819 728 1931 ubique
749 1819 941 1902 montium
959 1819 1031 1910 avii

242 1989 450 2104 Lamenta,
471 1985 692 2098 flebilesque
710 2013 824 2088 voces
845 1987 1014 2096 rumpite

243 2152 349 2237 Tam
367 2152 548 2238 destituta
565 2156 718 2240 amabili
737 2153 887 2250 solatio„

244 2324 345 2407 Non
363 2322 524 2408 audietis
542 2322 702 2434 amplius
717 2323 822 2406 vocis
845 2319 983 2411 sonum

245 2482 383 2565 Felicis
401 2483 471 2566 aevi
488 2485 649 2588 nuntia,
674 2481 816 2564 venisse
832 2481 925 2591 jam,

247 2631 377 2764 Qm
397 2650 593 2748 nesciebat
610 2650 727 2733 noete
745 2647 911 2754 mundus
924 2647 1100 2752 obrutus,

246 2817 379 2900 Deum
398 2817 498 2925 patri
513 2817 697 2923 futurum,
724 2837 768 2905 ut
787 2844 929 2928 agnum
949 2817 1162 2938 νίάὶίιηαῐη,Ι

247 2987 480 3085 Mortalibus
498 2984 564 3094 qui
581 2984 738 3067 tolleret
753 2985 916 3096 piacula,

248 3151 430 3264 Coelique
445 3150 588 3236 clausas
607 3151 798 3262 panderet
816 3150 928 3235 nubis
947 3151 1063 3234 fores.

248 3324 291 3404 Ο
308 3319 463 3431 peslime
481 3319 647 3404 fabium!
666 3318 803 3402 adeon’
824 3319 1047 3410 innocentia

247 3487 369 3574 Ceffie
386 3487 565 3570 subadia?
591 3488 683 3571 vicit
703 3487 897 3596 impotens
921 3485 1052 3568 furor?

247 3659 338 3742 Nec
357 3655 424 3746 Sul
441 3675 604 3766 repente
623 3653 790 3737 lucidum
809 3651 959 3734 abdidit
977 3663 1117 3762 capati,

247 3827 338 3910 Nec
354 3843 457 3910 terra
475 3825 596 3934 ruptis
614 3823 780 3907 dillrlivit
797 3819 983 3902 vinculis.>¹

247 3996 338 4078 Nec
356 3993 507 4103 ignibus
522 3989 700 4098 coruscus
717 3988 821 4074 orbis
842 3987 987 4068 arbiter
1040 4047 1044 4054 .

249 4161 436 4247 Mortalia
455 4161 497 4246 in
516 4161 663 4248 cineres
682 4156 834 4271 redegit
853 4153 1010 4254 arania?
