3168 5190
361 289 542 378 Humu1
578 315 640 374 nu
678 275 849 376 Rursus
883 293 1115 381 D1v1u1s.
1242 335 1317 422 ²³³

145 489 346 620 l’erpetuo
365 511 492 595 canit:
521 537 565 594 ac
584 525 734 618 tempus
747 511 824 620 jam
835 512 916 623 jam
937 514 1071 622 affore,
1097 544 1182 604 cum
1200 522 1268 606 Sol

155 682 320 781 Aureus,
341 700 459 787 atque
477 675 565 760 suos
580 671 778 758 dediscent
800 675 921 762 fidera
939 681 1077 766 cursus.
1285 715 1321 790 53

149 836 258 920 Tum
277 839 395 941 canit,
423 857 467 919 ut
484 835 646 918 multum
662 835 844 920 miserans
861 837 1113 928 incommoda
1128 849 1260 936 nostra

152 1009 255 1088 Vera
274 1005 352 1086 Dei
371 1003 537 1105 soboles,
562 999 669 1084 coelo
688 999 868 1085 divinitus
885 1003 979 1088 olim

150 1169 341 1253 Demilsus
357 1172 479 1274 Deus,
501 1168 742 1252 intemerata
760 1170 914 1282 virginis
932 1171 1058 1258 alvum

150 1335 328 1442 Implerit
345 1337 511 1420 clausus:
540 1362 633 1420 mox
651 1355 693 1419 ut
709 1337 881 1422 mortalis
899 1337 938 1422 in
956 1367 1066 1426 auras

150 1503 343 1586 Prodierit
360 1489 468 1610 puer:
496 1522 616 1613 utque
633 1525 763 1611 patres
779 1502 955 1588 eduxerit
973 1510 1093 1594 antris
1281 1536 1319 1598 60

149 1679 285 1754 Morte
304 1671 413 1754 obita
430 1669 605 1778 insemis,
632 1697 774 1782 magna
793 1681 832 1754 δι
852 1669 887 1752 vi
907 1671 1081 1758 straverit
1099 1673 1263 1784 hostem,

148 1837 417 1950 Regnatorem
439 1836 570 1940 Erebi,
596 1835 801 1946 spoliisque
819 1836 1011 1922 animosus
1029 1841 1169 1950 opimis

148 2003 286 2090 Vidlor
303 2027 421 2094 ouans
441 2005 584 2088 rursum
599 2005 696 2087 astra
714 2002 914 2112 petiverit:
944 2002 1054 2088 addit
1073 2017 1113 2092 δι
1130 2006 1226 2094 olim

146 2131 400 2274 nuoreeum
416 2188 539 2254 terras
555 2171 695 2254 iterum
710 2167 814 2252 idem
830 2167 926 2254 viset
944 2169 994 2254 ab
1009 2159 1096 2256 aula

144 2336 317 2442 Siderea,
342 2357 387 2418 ut
406 2337 504 2419 vitas
519 2335 795 2448 hominumque
814 2349 854 2422 &
872 2337 1034 2421 crimina
1048 2337 1170 2423 discat
1273 2359 1312 2448 65

144 2505 353 2621 Qaelitor,
378 2501 613 2615 damnetque
630 2503 760 2588 Erebo
779 2504 1003 2614 (miserabile
1015 2509 1038 2608 t)
1058 2505 1202 2612 sontes,

144 2675 274 2784 Atque
291 2669 485 2794 pioscoeli
502 2689 616 2754 vocet
634 2669 715 2754 alta
733 2671 783 2753 ad
798 2669 920 2753 sidera
938 2695 1083 2755 manes.

140 2839 299 2947 Nempe
316 2841 455 2924 itemm
472 2839 552 2924 vita
574 2829 729 2941 fundlis,
756 2864 800 2919 ac
816 2835 961 2920 lumine
978 2835 1083 2924 callis

139 3004 301 3089 Pristim
317 3005 451 3090 deberi
467 3006 530 3090 sua
546 3031 714 3116 corpora
730 3003 868 3114 cuique
882 3002 1046 3087 ferebat.

139 3175 270 3284 Atque
287 3171 377 3256 ideo
396 3194 647 3258 contemnere
664 3195 774 3282 opes,
800 3175 840 3256 δι
857 3169 996 3286 gaudia
1013 3173 1103 3258 vitae
1265 3213 1305 3276 7⁰
1357 3237 1360 3246 -

136 3341 315 3423 Mortalis
332 3338 437 3450 lapsu
454 3337 582 3422 subito
597 3339 768 3449 peritura
785 3335 986 3443 monebat,

136 3501 650 3618 Justitiamque,animisque
670 3507 815 3609 Deum,
842 3513 883 3588 δι
901 3504 1054 3596 virtutis
1071 3517 1245 3596 amorenl

134 3671 363 3776 Infirndens,
388 3673 486 3755 veris
503 3673 693 3783 purgabat
708 3649 868 3780 pedlora
883 3668 1006 3754 diuis.

133 3837 339 3920 Continuo
354 3837 394 3920 in
412 3837 546 3920 melius
564 3862 692 3920 mores
706 3835 902 3943 sormavit,
928 3847 969 3922 dr
985 3855 1088 3920 artes

131 4011 345 4110 Humanas,
366 4004 546 4116 legesque
564 4001 686 4108 dedit,
711 4029 804 4114 quas
820 4001 925 4086 mille
942 3998 1152 4114 sequuntur
1259 4029 1297 4108 ις

128 4175 248 4258 Nunc
265 4169 383 4254 etiam
402 4191 554 4286 gentes,
580 4169 910 4282 observabuntque
927 4169 1112 4278 minores,

848 4337 936 4448 Gg
1085 4399 1087 4410 .
1187 4337 1296 4425 Dum
