3168 5190
387 302 570 382 Humor
606 321 667 378 oe
699 300 865 383 Raaus
900 298 1143 382 Drvrnrs.
1268 315 1345 396 ²67

185 515 294 604 Nam
312 513 433 627 vulgo
453 514 580 627 tuguri
599 535 689 596 ante
706 511 812 596 fores
830 516 1003 598 examina
1023 517 1104 598 sera

185 683 295 790 Saepe
313 679 444 763 audita
463 680 594 766 ferunt
614 682 789 790 superum
808 679 876 762 sub
896 682 1012 762 nodie
1028 683 1225 766 volucrum

185 843 354 953 Ludere,
381 855 421 930 &
438 848 477 930 in
495 875 693 932 numerum
710 846 874 957 liquidos
894 847 963 930 tibi
979 846 1143 930 fundere
1159 871 1305 936 cantus.

177 1012 301 1097 ‘Tunc
319 1013 437 1096 etiam
456 1013 700 1123 quandoque,
723 1033 837 1096 antro
855 1037 941 1097 cum
958 1013 1063 1095 exire
1081 1014 1254 1126 juvabat,
1296 1051 1349 1096 ιιι

184 1177 286 1283 lbas,
313 1180 456 1265 &loca
475 1179 587 1288 plena
603 1183 708 1282 Deo,
735 1178 814 1262 sola
830 1181 959 1264 saneta
977 1180 1145 1292 legebas,

183 1349 238 1438 Et
256 1339 472 1428 fortunatas
490 1345 671 1430 lustrabas
689 1344 834 1428 lumine
853 1344 975 1452 sedes,

185 1508 307 1594 Unde
324 1511 419 1594 salus
437 1511 634 1595 hominurn
655 1511 811 1594 infanda
830 1511 939 1596 trabe
956 1541 1053 1596 nexa
1071 1517 1270 1626 pependit.

187 1681 247 1763 O!
267 1677 339 1761 illis
353 1677 446 1762 mihi
467 1677 493 1760 sr
510 1704 665 1789 quoque
683 1677 794 1760 detur
811 1678 954 1790 degere
972 1681 1012 1762 in
1029 1683 1122 1786 oris,

132 1963 136 1970 μ
186 1844 308 1959 Qod
327 1847 492 1954 superest
506 1843 617 1957 hujus
634 1841 870 1928 moribundo
886 1843 926 1926 in
945 1871 1111 1954 corpore
1128 1847 1236 1946 vitae3
1296 1885 1347 1942 115

186 2010 315 2094 Dulce
330 2008 433 2094 foret
452 2011 557 2096 sacra
576 2011 731 2122 vestigia
750 2037 898 2118 ponere
918 2033 1035 2116 terra,

134 2189 137 2196 '
189 2179 318 2288 Atque
331 2178 411 2262 vias
426 2178 557 2288 legere
573 2177 781 2282 interdum,
802 2207 894 2288 quas
913 2181 977 2262 iffe
996 2207 1066 2288 per
1081 2181 1176 2269 olim

186 2345 329 2450 Saepius
346 2343 517 2426 audirem
538 2371 668 2454 regem
689 2345 969 2454 omnipotentis
988 2348 1161 2456 Olympi,

186 2511 358 2626 Quando
366 2509 539 2618 (humiles
555 2538 642 2594 nam
660 2537 720 2592 me
736 2510 941 2594 retrahunt
959 2539 1079 2598 onera
1096 2513 1226 2598 invida
1237 2516 1352 2616 curae)

185 2679 330 2763 Preffus
347 2677 454 2758 humi
474 2702 625 2786 nequeo
643 2677 838 2761 sublimem
857 2677 994 2760 tollere
1010 2701 1181 2762 mentem
1296 2717 1352 2760 120

187 2843 250 2927 Ad
266 2843 358 2929 coeli
372 2843 496 2954 jubar,
524 2855 562 2928 δι
582 2846 731 2953 superas
748 2869 969 2952 percurrere
989 2845 1108 2928 sedes.

188 3009 251 3090 Sic
269 3013 435 3092 animum
453 3009 586 3095 saltem
605 3009 705 3092 dulci
727 3009 868 3092 solarer
885 3037 1031 3117 amore,

187 3175 396 3284 Inspiciens
415 3196 613 3259 tantorum
630 3203 792 3286 operum
812 3201 1065 3263 monumenta
1083 3205 1153 3291 per
1169 3206 1296 3294 agros,

186 3343 332 3426 Felices
350 3369 465 3454 agros
489 3341 667 3434 nimium!
697 3341 823 3425 felicia
840 3357 948 3426 rura!

186 3509 333 3592 Felices
349 3523 520 3593 montes!
540 3506 698 3616 pedibus
710 3535 807 3617 quos
823 3509 996 3620 presserit
1016 3511 1092 3616 ille,
1301 3543 1351 3600 ns

187 3675 334 3758 Felices
353 3663 501 3756 fontes!
530 3674 636 3784 queis
654 3674 761 3758 labra
779 3675 998 3758 admoverit
1014 3677 1094 3759 ille!

186 3839 347 3924 Nullum
364 3867 477 3922 mane
495 3840 603 3944 mihi,
632 3839 756 3922 nullus
774 3839 868 3922 mihi
882 3837 1015 3948 vesper
1031 3842 1170 3942 abiret,

187 4007 296 4120 Qin
317 4005 464 4088 tumulo
487 4007 715 4092 accumbens
731 4031 934 4090 venerarer
954 4007 1085 4090 nobile
1104 4007 1270 4110 bustum,

189 4177 285 4256 Saxa
301 4171 432 4257 lavans
448 4172 637 4282 lacrymis,
659 4169 979 4281 fortunatumque
996 4170 1237 4282 sepulchrum

875 4342 911 4421 L
928 4338 941 4421 l
966 4371 989 4420 2
1266 4339 1359 4421 Am·
