3180 5184
288 276 338 354 3⁹
510 247 691 328 Manca
729 243 1053 326 Hrsaouvsar
1090 244 1229 329 Vrna

283 459 604 578 Ingeniumlaaud
620 484 722 548 vera
736 457 901 544 omnino
919 455 1080 544 rationis
1097 483 1278 574 egenum.
1400 489 1459 578 qo

284 629 457 718 Muneris
474 627 615 714 iccirco
630 627 730 712 tanti
747 651 899 710 memor
913 651 985 708 ore
1002 625 1182 736 canebat,
1244 687 1247 694 -

284 801 339 884 Et
356 797 512 882 meritas
524 813 616 882 toto
634 792 808 896 solvebat
826 793 988 904 pectore
1004 813 1135 906 grates

286 963 387 1074 Cum
404 964 586 1057 consorte
601 963 679 1062 tori
695 959 879 1054 inccdens
894 985 964 1073 per
978 985 1138 1048 anroena
1153 961 1292 1072 vireta,

285 1129 551 1252 Halantesque
565 1130 638 1218 tibi
652 1131 825 1260 flores&
842 1129 943 1214 setta
959 1127 1127 1243 legebat.
1295 1231 1299 1238 ι

286 1298 395 1384 Felix
411 1304 460 1387 d!
486 1303 659 1410 nimium,
683 1319 811 1388 tecum
834 1293 1033 1384 lifoedere
1047 1299 1166 1409 padio
1399 1321 1454 1406 «μ

286 1466 482 1554 Manfifl'et
500 1469 625 1576 dictis,
652 1493 726 1554 nec
741 1463 844 1576 turpi
854 1465 943 1578 jura
957 1461 1151 1577 resolvens

286 1633 443 1720 Arfiffet
457 1657 569 1745 voto,
593 1635 782 1752 vetitique
799 1629 978 1744 cupidine
993 1632 1104 1744 pomi

286 1803 415 1916 Seque
429 1807 612 1918 suumque
624 1829 747 1918 genus
765 1799 923 1887 veniens
941 1797 1124 1886 mcrfiffet
1141 1800 1183 1887 in
1198 1827 1322 1892 aevum

286 1969 437 2055 Omnia
453 1971 672 2058 suffundens
687 1972 824 2058 momu
840 1968 1000 2082 nigrore
1019 1985 1196 2080 repente.

285 2131 352 2222 Tu
370 2154 503 2222 tamen
520 2139 567 2222 d!
595 2138 743 2224 nostras
758 2137 919 2222 nimium
935 2135 1115 2220 miserate
1132 2136 1262 2222 ruinas
1398 2155 1454 2214 rso

284 2300 422 2408 (Sualit
435 2309 560 2416 autor)
579 2305 734 2392 demum
751 2335 823 2392 nos
837 2304 941 2392 ultro
956 2304 998 2390 in
1019 2305 1176 2416 pristina
1193 2300 1337 2406 reddis,

284 2467 376 2556 Nec
392 2468 480 2558 linis
498 2472 539 2560 in
557 2474 727 2560 tenebris
744 2474 897 2588 altaque
919 2471 1104 2586 voragine
1122 2470 1246 2558 volvi:

284 2635 391 2748 Nam
409 2639 568 2726 tandem
584 2641 764 2740 auxilium
781 2639 892 2738 coelo
907 2639 1071 2726 dimittis
1090 2638 1140 2724 ab
1153 2639 1250 2744 alto,

284 2799 368 2922 Qi
386 2805 544 2906 reduces
559 2809 687 2902 nodis,
702 2835 774 2897 nos
790 2827 911 2900 tantae
927 2807 1123 2900 evolveret
1139 2803 1302 2920 umbris„

284 2965 384 3051 Non
400 2988 465 3054 tot
479 2969 653 3061 veridicis
669 2971 763 3070 olim
781 2970 831 3054 de
850 2972 1001 3066 vatibus
1018 3003 1151 3084 unum,
1396 2997 1452 3074 ssa

283 3131 420 3246 (Qod
436 3143 606 3250 poteras)
631 3167 711 3224 non
731 3137 886 3223 alitibus
905 3138 954 3224 de
972 3141 1116 3226 civibus
1131 3167 1265 3244 unum,

284 3297 368 3408 Qi
385 3303 477 3387 coeli
493 3303 629 3414 supera
647 3304 725 3389 alta
740 3304 886 3414 colunt,
913 3305 979 3392 sed
995 3335 1156 3392 munere
1170 3309 1238 3391 tali

283 3465 398 3578 (Qae
411 3471 568 3584 pietasl)
594 3473 674 3586 (qui
691 3492 820 3560 tantus
838 3501 948 3558 amor
960 3486 984 3584 l)
1007 3494 1095 3562 tuus
1110 3476 1223 3562 unica
1240 3473 1370 3584 proles

282 3633 475 3747 Fungitur
490 3639 567 3748 ille,
595 3641 650 3726 tui
669 3669 758 3727 vcra
777 3661 893 3754 atque
909 3641 1097 3728 limillima
1113 3643 1246 3756 imago

282 3797 417 3909 Filius,
444 3827 631 3895 aeternum
645 3811 711 3920 qui
731 3830 859 3894 tecum
874 3809 980 3916 vivit,
1007 3821 1182 3896 &unum

283 3965 364 4075 Est,
392 3970 554 4067 &idem
574 3995 714 4080 tecum,
742 3976 813 4060 tibi
831 4001 903 4062 nec
920 3975 1114 4064 divellitur
1131 4003 1315 4090 unquam.

283 4135 467 4225 Nascitur
484 4139 650 4230 humana
667 4140 735 4228 sub
753 4141 936 4256 imagine,
961 4143 1128 4232 nascitur
1145 4145 1224 4251 ille,
1311 4241 1315 4254 ,

1369 4307 1454 4424 Qi
