3168 5190
109 217 122 248 ⁴
277 243 357 325 256
484 227 1246 310 Mnnctfltsuouumuvwn

273 449 350 528 Pro
368 441 537 526 trucibus
555 465 661 524 mare
678 437 864 550 pugnavit
879 435 1129 546 predonibus
1147 438 1276 530 in'nus
1394 485 1443 546 135

274 617 437 714 Iratum,
457 607 676 716 coelumque
692 603 795 714 piam
815 603 1061 691 intrat‘tabile
1078 606 1230 696 causam

273 776 488 862 Damnavit
503 775 634 862 nostra
650 771 805 856 hostiles
825 799 899 882 pru
917 773 1028 857 claffe
1047 801 1118 882 per
1134 775 1256 864 undas

273 944 466 1056 Disjesta:
494 939 612 1026 evasit
629 967 718 1024 raro
735 964 823 1022 cum
840 933 964 1022 milite
980 939 1124 1044 Cesar,

273 1109 338 1194 Ah
355 1109 491 1194 dolor!
516 1120 557 1194 fit
575 1107 719 1192 laceras
737 1105 801 1190 vix
818 1103 980 1217 legimus
998 1132 1155 1217 aequore
1173 1139 1334 1223 puppes.

272 1276 429 1382 Tende,
450 1275 524 1386 piis
539 1273 676 1358 redeat
695 1274 806 1384 vigur
822 1273 861 1356 in
878 1273 1090 1382 praecurdia
1106 1277 1264 1385 priscus,
1389 1322 1440 1377 ιφ

271 1453 324 1530 Et
344 1443 480 1528 nostris
496 1441 642 1526 rursum
658 1435 842 1526 affueseat
857 1439 1018 1524 vietoria
1032 1439 1189 1528 dextris.

270 1613 390 1696 Nunc
406 1611 452 1694 6!
472 1607 641 1694 fivestro
656 1605 703 1692 fit
719 1605 919 1720 quisquam
935 1609 959 1690 ὲ
977 1606 1159 1722 sanguine
1176 1611 1329 1720 ductor,

269 1778 353 1894 Qi
368 1777 484 1892 decus
496 1777 716 1889 *unuquum
735 1771 939 1886 laudesque
960 1773 1133 1862 imitatus
1152 1807 1311 1869 avonem

269 1944 420 2032 Obvius
437 1943 619 2054 amplexis
636 1968 782 2054 magno
801 1941 869 2026 sub
887 1939 1038 2026 Caesare
1057 1943 1171 2030 rebus

270 2119 488 2218 Succurrat,
506 2107 716 2222 patriisque
732 2127 883 2194 avertat
898 2108 1050 2194 sedibus
1068 2109 1233 2210 hostem.
1384 2149 1435 2208 ης

267 2282 327 2366 Sit
345 2279 477 2364 vestre
494 2277 566 2362 tibi
581 2305 671 2362 cura
687 2276 839 2381 domus,
861 2275 908 2358 s1t
925 2301 1015 2360 cura
1034 2297 1189 2363 tuorum

265 2453 307 2534 O
323 2447 453 2532 Avalae
471 2447 598 2558 gentis
613 2443 743 2549 decus,
770 2464 889 2556 utque
908 2470 955 2526 ex
971 2445 1068 2528 orbe
1083 2447 1265 2536 tenebras

263 2621 379 2699 Unus
396 2633 439 2698 tu
458 2611 537 2698 sola
553 2611 751 2724 quondam
767 2611 920 2695 ratione
937 2611 1089 2722 fugasti,

265 2779 460 2864 Gentibus
479 2782 674 2866 &clarum
694 2779 851 2888 potuisti
868 2779 1071 2865 ostendere
1091 2781 1244 2868 lumen:

261 2947 324 3030 Sic
341 2945 478 3030 eadem
498 2973 652 3058 quoque
668 2973 771 3030 nunc
790 2946 925 3059 aliquis
943 2946 993 3031 de
1009 2949 1125 3058 stirpe
1143 2969 1330 3060 nepotum
1376 2987 1433 3046 ις.

259 3113 474 3198 Terrorum
491 3111 558 3198 has
576 3114 756 3200 tenebras
770 3113 991 3200 victricibus
1008 3113 1159 3202 auferat
1177 3118 1305 3202 armis.

258 3283 390 3390 Atque
405 3277 506 3366 adeo
524 3279 626 3365 hunc
638 3280 823 3394 juvenem
841 3283 991 3395 pietate
1008 3295 1048 3370 δι
1065 3281 1229 3371 fortibus
1246 3285 1341 3374 au&

257 3446 466 3562 Infignem,
486 3447 607 3534 modo
623 3448 689 3559 qui
707 3449 842 3562 generi
859 3451 1101 3561 superaverat
1118 3479 1230 3560 unus,

255 3613 522 3724 Omnipotens
536 3637 648 3725 pater
666 3615 724 3699 his
741 3617 834 3700 velit
853 3615 1021 3728 aspirare
1040 3617 1237 3729 trophaeis.

254 3783 355 3866 Non
368 3781 432 3868 ille
447 3783 602 3896 ignarus
619 3781 818 3890 decorum,
843 3813 926 3868 non
945 3785 1008 3868 ille
1028 3785 1234 3896 triumphis
1371 3817 1428 3880 ¹55

134 4043 140 4056 ,
252 3949 443 4058 Insuetus,
461 3971 636 4036 veterum
656 3949 723 4036 sed
740 3949 884 4036 famam
902 3953 1068 4064 egreffus
1087 3979 1249 4042 avorum

252 4114 389 4200 Tanto
402 4117 516 4226 operi
533 4117 592 4204 sat
608 4117 698 4226 erit,
715 4145 789 4208 nec
804 4147 903 4208 uuus
918 4119 1112 4210 detrectat
1129 4121 1316 4236 iniquum.

1304 4295 1426 4382 Hune
