3168 5190
373 248 557 329 Hrmrtr
596 270 656 330 nn
695 246 866 328 thnus
892 247 1134 334 Drvrrtrs.
1259 277 1335 352 ²53

165 465 338 549 Pestibus
358 463 418 548 his
433 489 575 578 magna
590 464 755 550 invimus
770 464 915 548 virture
929 461 1078 573 reiistis,

165 641 220 716 Et
239 660 373 741 puram
393 661 492 742 puro
511 632 663 716 servasti
681 655 847 740 corpore
867 651 1042 715 mentem

166 805 346 914 Integer:
375 801 564 884 intactum
583 797 690 882 flexit
708 817 748 880 te
766 797 869 882 nulla
883 797 1041 912 cupido,

166 969 288 1051 Nulla
305 975 448 1070 Venus,
475 966 568 1049 nulli
585 966 780 1050 subierunt
796 967 930 1076 pectus
948 992 1121 1050 amores:

166 1136 283 1218 Unus
300 1161 411 1220 amor
428 1135 522 1218 coeli
539 1133 678 1243 supero
695 1133 768 1216 tibi
785 1133 894 1216 venit
912 1134 963 1219 ab
977 1160 1060 1217 axe.
1302 1163 1341 1218 ⁷0

168 1301 257 1408 Ipse
274 1298 380 1386 sator
398 1327 525 1384 rerum
544 1327 611 1383 rex
629 1301 912 1411 omnipotentis
930 1301 1092 1410 Olympi

88 1533 93 1544 .
168 1467 304 1579 Usque
321 1495 445 1572 emor,
462 1470 581 1580 usque
599 1467 669 1551 tibi
687 1466 812 1584 dignis
829 1467 905 1552 fuit
921 1468 1073 1582 ignibus
1092 1464 1221 1548 ardor.

169 1639 287 1719 Hunc
302 1663 419 1720 unum
435 1657 568 1748 captus
583 1635 763 1749 sequeris,
781 1635 884 1719 hunc
900 1637 1042 1720 saucius
1054 1659 1175 1716 unum

168 1800 321 1887 Noctes
338 1823 455 1915 atque
470 1803 552 1888 dies
571 1803 929 1914 flagrantiperitore
946 1801 1094 1886 versas:

168 1971 260 2050 Hoc
271 1967 349 2052 fine
361 1969 470 2054 dulce
486 1971 582 2056 nihil
596 1971 669 2054 tibi
687 1991 785 2076 erat,
803 1999 874 2056 nec
890 1966 1053 2054 amabile
1064 1963 1281 2076 quicquam.
1301 1995 1336 2052 rr

169 2133 367 2246 Qicquid
385 2139 482 2249 agis,
504 2137 684 2249 quicquid
703 2127 863 2244 moliris,
885 2137 934 2222 ad
953 2135 1097 2220 ethera
1115 2131 1244 2214 versus

167 2301 305 2410 Usque
323 2302 424 2386 adeo
442 2301 545 2387 hunc
562 2303 718 2414 supplex
737 2327 828 2390 ante
845 2297 978 2388 omnia
995 2301 1159 2387 consulis
1178 2321 1311 2382 unum.

167 2465 255 2573 Ipse
274 2467 345 2552 tibi
362 2472 528 2554 afflatam
549 2469 749 2556 manifesto
766 2473 922 2556 numine
942 2490 1116 2554 mentem

167 2627 383 2740 Firmabat,
403 2637 579 2749 votisque
596 2641 670 2722 tuis
685 2639 781 2722 nihil
797 2638 932 2720 abnuit
951 2661 1139 2745 unquam„

168 2798 232 2882 Te
252 2803 358 2884 vario
377 2801 468 2888 hinc
484 2804 589 2890 illinc
607 2805 720 2916 positi
740 2808 781 2889 in
799 2804 1017 2889 discrimine
1030 2799 1197 2884 adibant
1302 2821 1341 2880 to

169 2967 418 3075 Suppliciter;
447 2993 490 3056 tu
506 2971 642 3056 dexter
658 3000 776 3083 opem
795 2971 1033 3084 praesensqne
1049 2967 1200 3052 ferebas

168 3117 377 3242 Omnibus,
397 3159 511 3250 atque
530 3161 601 3222 tuo
619 3141 758 3223 servati
776 3165 935 3223 munere
954 3137 1127 3222 abibant.

168 3299 232 3380 Te
246 3329 401 3413 quoque
415 3305 519 3388 frma
532 3305 669 3413 pefert,
684 3335 799 3419 prece
814 3306 906 3390 dum
921 3309 998 3391 vim
1010 3304 1137 3389 tendis
1151 3301 1339 3409 Olympo,

166 3467 321 3570 Enncre
334 3469 416 3579 jam
435 3471 558 3555 elatos
580 3475 768 3556 revocasse
783 3474 830 3558 ad
848 3501 1007 3558 munera
1022 3474 1124 3555 virae.

167 3635 265 3714 Haec
281 3632 382 3717 adeo
395 3636 552 3720 aetherei
571 3639 641 3722 tibi
659 3661 770 3723 erant
787 3641 1019 3724 commercia
1037 3639 1131 3722 coeli
1302 3651 1337 3723 ⁸5

167 3803 214 3878 In
234 3801 362 3884 terris:
392 3805 548 3914 quoties
569 3805 659 3890 socii
678 3828 716 3890 te
736 3811 853 3891 nocte
870 3807 995 3891 {ilenti

168 3967 489 4075 Deprehendere,
511 3993 598 4057 tuos
617 3974 763 4058 durnin
784 3976 932 4085 templo
947 3973 1075 4057 affaris
1089 3978 1267 4056 amoret?

167 4135 248 4214 Ara
267 4155 378 4220 vetus
395 4105 540 4246 stabat,¹
559 4140 681 4224 stabat
700 4141 920 4229 venerabile
936 4137 1065 4226 saxum
1112 4241 1115 4250 .

1270 4311 1340 4394 Su·
1399 4331 1407 4348 '
1440 4351 1442 4356 ·
