3168 5190
352 252 535 338 Humns
573 271 635 328 ot
664 245 833 330 Rusus
869 249 1112 336 Dtvtttts.
1237 261 1313 356 ²23

144 467 348 570 Ticinum,
364 463 484 575 pleno
499 461 573 548 tibi
589 460 658 575 qui
673 463 714 546 se
727 463 927 576 objecerat
944 463 1074 574 alveo,

147 633 330 718 Tranasti
349 627 560 742 suspensus,
581 630 735 743 iterque
752 631 909 741 impune
929 630 1048 718 tulisti

149 805 358 910 Aeropes,
377 797 589 912 fluctusque
605 796 720 907 supra
733 795 813 881 stne
831 818 971 909 ponte,
995 797 1072 886 fine
1090 801 1173 888 ullis

148 967 331 1080 Navigiis
349 964 494 1076 rapide
507 983 709 1074 corteptus
730 963 885 1048 turbine
899 965 1012 1050 nubis
1283 989 1318 1064 ts

109 1157 114 1167 ·
152 1138 291 1237 Ocyor
308 1153 376 1217 aut
391 1135 486 1219 Euri
502 1131 654 1244 pennis,
681 1151 748 1214 aut
765 1131 935 1216 fulminis
955 1133 1068 1247 igne:
1165 1217 1167 1222 ,

152 1301 245 1383 Nec
260 1321 302 1383 te
318 1301 437 1385 oculis
449 1321 616 1413 potuere
633 1296 739 1410 sequi
755 1319 862 1383 trans
880 1297 1053 1408 flumina,
1075 1301 1202 1391 donec

156 1465 407 1578 Conspexere
425 1467 549 1554 amnis
566 1465 651 1576 ripa
666 1465 854 1549 ulteriore
869 1487 1077 1557 canentem

155 1634 391 1720 Coelicolum
409 1653 523 1720 tanto
540 1651 668 1746 grates
683 1659 758 1742 pto
776 1658 937 1716 munere
952 1639 1049 1748 tegi.

157 1799 278 1884 Talia
293 1797 461 1888 fmsttati
476 1801 655 1886 viderunt
676 1799 812 1906 multa,
838 1825 912 1885 net
930 1829 1098 1914 unquam
1286 1843 1330 1904 st

159 1971 271 2054 Gens
290 1969 426 2055 infesta
441 1991 550 2054 tuum
569 1966 702 2078 potuit
718 1966 952 2082 oontingtte
967 1997 1122 2080 corpus,

160 2139 305 2220 Donec
319 2162 510 2248 purpurea
527 2135 731 2220 emeritum
750 2135 931 2250 infignire
947 2161 1093 2222 corona

160 2303 428 2416 Omnipotens
445 2304 578 2387 statuit
596 2322 722 2414 patet,
741 2301 1026 2416 eteuebrisque
1040 2333 1180 2392 vocare
1294 2339 1296 2342 ·

162 2469 380 2583 Jucundam
398 2470 447 2554 ad
465 2473 589 2558 lucem
604 2460 756 2578 semper
773 2469 949 2554 florentis
967 2469 1142 2583 Olympi.

162 2635 268 2719 Tum
288 2635 445 2721 demum
459 2637 573 2750 ipiius
586 2635 718 2722 Ticini
733 2635 773 2720 in
787 2638 922 2746 littore
938 2657 1092 2748 captum
1294 2681 1330 2740 ,ς

165 2805 317 2912 Sponte
333 2803 464 2892 ferun
481 2803 613 2919 gladio
627 2805 729 2890 colla
741 2801 919 2914 objecisse
934 2803 1112 2910 secanda,

165 2977 219 3056 Et
238 2971 294 3055 nil
309 2994 461 3058 mutato
479 2974 610 3057 laetun
629 2971 695 3056 iss'e
711 2967 761 3054 ad
776 2967 910 3058 funeta
928 2973 1050 3057 vultu.

166 3139 259 3225 Nec
274 3167 479 3226 commune
499 3159 632 3224 tamen
647 3136 737 3246 finit,
763 3161 831 3224 aut
847 3138 927 3224 fine
942 3141 1100 3226 numine
1119 3139 1292 3229 lethum:

168 3306 275 3390 Nam
294 3328 410 3418 caput
426 3301 604 3394 exectum
624 3307 778 3418 penitus
794 3309 945 3392 cervice
964 3307 1142 3393 cadendo

169 3469 360 3558 Blandum
375 3503 521 3560 nomen
538 3473 663 3560 adhue
681 3471 865 3559 servantis
884 3477 1024 3561 cundia
1040 3469 1219 3585 sonabat,
1284 3509 1340 3558 io·

168 3645 223 3724 Et
239 3639 363 3756 longo
379 3643 530 3728 eremus
547 3641 677 3726 tenuit
697 3637 735 3726 se
752 3663 931 3754 tempore
948 3663 1120 3751 truncus,

131 3877 145 3906 .
170 3808 289 3895 Vivus
309 3806 436 3898 adhue
451 3811 570 3898 veluti
587 3812 711 3926 vigor,
736 3821 776 3896 δι
791 3809 849 3896 sis
863 3811 1020 3924 pristina
1037 3811 1196 3897 adesset.

172 3975 268 4090 Qo
283 3977 460 4062 monstro
475 3978 636 4064 attoniti
655 3979 796 4065 crudeli
813 3979 919 4066 eaede
936 3977 1140 4065 madentes

173 4145 384 4258 Agnovere
401 4149 546 4254 Deum,
568 4147 801 4262 veniamque
818 4147 1047 4233 immanibus
1064 4145 1158 4235 auiis

1216 4317 1346 4402 oran·
