3160 5198
360 241 548 322 Humnr
586 257 646 316 nr
684 235 850 316 Rarus
889 233 1123 322 Drvrnrs.
1248 252 1323 322 161

157 455 226 539 Nil
244 454 353 538 aestus
370 455 505 539 nocuit
524 451 685 535 flammis
702 449 895 534 stridentis
911 451 1017 556 olivi,

157 621 335 704 Molliter
352 621 455 704 unde
475 621 611 702 nudius
632 635 799 723 tuntum,
824 615 928 699 haud
948 617 1099 702 exustus
1119 615 1241 736 abisti.

159 791 247 871 Nec
266 789 338 870 tibi
358 784 544 898 supplicio
564 783 718 866 exilium
736 779 832 880 snit;
860 809 1015 893 aequore
1034 783 1141 868 vasto

159 954 329 1037 Inclusus
348 955 468 1056 sylvas
489 963 527 1036 δι
545 947 740 1059 inhospita
758 950 892 1033 littora
908 951 1051 1038 circum
1276 991 1329 1054 115

161 1117 264 1222 lbas,
291 1148 337 1203 ac
356 1139 504 1203 veteres
520 1116 723 1229 repetebas
740 1117 910 1200 carmine
926 1145 1092 1227 amores,

164 1289 295 1394 Atque
312 1289 404 1369 Deo
420 1286 554 1394 plenus
571 1283 674 1368 foliis
694 1279 875 1393 inscripta
894 1285 1072 1394 uetabas,

164 1453 265 1556 Quae
283 1471 441 1534 ventura
456 1452 589 1534 forent
609 1449 758 1533 labenti
778 1449 903 1534 secula
921 1453 1067 1536 mundo

165 1616 280 1699 Clara
297 1617 444 1720 videns,
463 1614 529 1700 sed
548 1621 688 1701 cuneta
706 1639 845 1730 tegens
862 1615 1032 1702 obducta
1050 1618 1118 1704 sub
1137 1623 1295 1710 umbra:

166 1781 345 1867 Sublustri
363 1805 494 1866 tamen
513 1813 536 1866 e
555 1787 695 1868 nebula
713 1783 883 1893 undique
898 1787 1152 1872 tralucebant.
1280 1827 1335 1872 no

165 1954 220 2031 At
237 1977 320 2032 non
340 1949 462 2059 passus
482 1977 605 2056 amor,
633 1950 705 2032 tibi
724 1970 808 2031 erat
824 1950 890 2062 qui
909 1953 1093 2062 plurimus
1107 1959 1185 2042 oria

98 2221 107 2236 ,
165 2115 371 2224 AEthereis,
396 2116 523 2228 pelagi
543 2115 663 2200 arceri
682 2136 723 2198 te
741 2113 893 2226 semper
911 2119 1089 2205 abundis

164 2289 389 2389 Extortem‚
415 2283 553 2365 merita
570 2281 722 2366 sublato
740 2304 868 2367 morte
887 2302 1056 2388 tyranno

167 2449 359 2534 Redditus
376 2450 416 2532 in
434 2451 597 2562 patriam
616 2450 748 2534 vicinis
767 2451 909 2562 gaudia
928 2451 1040 2536 terris

168 2617 328 2725 Qanta
343 2637 506 2726 repente
522 2613 663 2700 resers?
686 2635 780 2700 tunc
793 2615 846 2704 ad,
859 2635 924 2698 tua
937 2635 1033 2724 vota
1045 2617 1251 2730 precesque
1282 2653 1333 2714 ιι,

167 2786 289 2864 Fama
304 2785 408 2866 canit
429 2809 550 2893 nuper
568 2777 773 2866 defunctos
792 2809 953 2867 munere
972 2783 1061 2868 vitae

168 2955 315 3033 aereas
329 2949 461 3032 blandi
478 2948 626 3034 rediisse
643 2948 692 3032 ad
715 2949 869 3034 luminis
887 2977 988 3055 oras,

170 3123 222 3200 Et
239 3117 311 3200 tibi
328 3115 412 3225 plus
426 3114 541 3199 heros
559 3114 758 3201 devinctus
775 3143 909 3201 amore
926 3118 1121 3230 rependit,

172 3285 300 3398 Qum
314 3308 387 3392 pro
402 3303 442 3366 te
457 3281 870 3392 acprofratreparens
884 3285 1109 3370 malecauta
1123 3285 1319 3397 poposcit.¹

172 3447 245 3531 llle
264 3450 383 3532 etiam
403 3449 473 3532 tibi
493 3450 672 3556 supremo
689 3445 757 3530 sub
776 3447 910 3534 sunere
929 3451 1118 3560 pendens,
1282 3495 1338 3556 130

171 3621 233 3699 Ut
250 3635 422 3727 poterat,
445 3615 599 3698 solitum
619 3641 667 3696 ex
683 3616 801 3699 oculis
818 3617 1019 3724 respondit
1034 3645 1222 3730 amorem,

170 3789 222 3864 Et
243 3781 314 3863 tibi
332 3781 511 3866 dilectam
531 3781 758 3892 genitricem
776 3781 943 3868 credidit
961 3785 1041 3890 uni,

171 3948 359 4032 Dulcibus
370 3968 593 4032 extremum
608 3946 734 4030 verbis
752 3949 888 4034 affatus
903 3970 1122 4062 utmmque‚

170 4115 242 4199 llla
261 4112 335 4200 tibi
352 4136 397 4200 ut
414 4114 596 4228 genitrix,
622 4114 676 4199 illi
696 4133 740 4198 ut
758 4138 803 4199 tu
820 4116 919 4202 filius
934 4117 1029 4200 effes

933 4289 977 4368 X
1266 4287 1344 4370 Pro
