3180 5184
336 203 521 302 Hrraier
558 235 620 300 or
658 209 827 300 Rra'us
853 211 1097 306 Drviurs.
1250 253 1296 328 31

134 434 217 548 Qi
232 432 381 544 semper
397 431 488 540 firit,
511 429 580 536 est,
603 443 644 520 δε
662 432 751 541 erit,
775 431 836 518 cui
852 432 972 524 fidera
985 455 1144 547 parent;

133 601 364 714 Mortalique
380 603 490 686 Deus
509 597 655 710 tegitur
673 599 741 684 sub
755 600 874 707 mole,
897 629 969 688 nec
982 622 1105 690 artua

134 769 297 880 Respuit
308 767 514 874 humanos,
539 791 612 850 nec
630 768 722 853 vitae
740 767 991 855 incommoda
1004 772 1145 858 nostrae
1241 799 1298 872 εἷς

132 936 273 1020 Fadius
288 935 426 1040 homo,
450 931 647 1044 mortique
663 933 784 1019 etiam
801 933 843 1018 se
857 935 1008 1048 subjicit
1026 939 1143 1048 ultro,

134 1107 198 1186 Ut
214 1131 286 1189 nos
298 1121 454 1188 aetemae
468 1100 605 1186 mortis
621 1097 671 1185 de
686 1100 858 1188 saucibus
874 1099 1029 1189 haustos

133 1271 326 1382 Eriperet,
346 1271 528 1384 claroque
540 1266 704 1354 humiles
718 1255 881 1352 inferret
895 1271 1082 1384 Olympo.

199 1439 427 1544 nicetium,
453 1434 601 1520 mundo
615 1463 702 1520 cnm
716 1435 867 1522 venerit
883 1437 1039 1523 ultimus
1057 1440 1131 1527 aevi

134 1605 357 1711 Terminus,
375 1623 467 1689 ante
484 1631 586 1690 nova
601 1629 718 1714 quarn
736 1601 904 1716 flagrent
916 1607 1050 1693 omnia
1064 1605 1231 1720 flamma
1243 1633 1300 1706 cta

89 1895 93 1900 ¹
136 1779 235 1862 Aroe
251 1793 326 1856 tuo
342 1770 452 1856 missu
465 1769 514 1856 ad
531 1790 675 1855 terram
692 1767 902 1854 descendet
917 1771 966 1856 ab
981 1772 1061 1858 alta

136 1940 314 2046 AEthcris,
336 1956 381 2022 ut
397 1937 498 2023 vitas
516 1937 793 2049 hominumque
808 1947 850 2024 ετ
867 1939 1028 2027 crimina
1045 1940 1166 2028 discat

136 2107 343 2224 Qasiton
367 2131 483 2217 quern
498 2133 582 2190 non
596 2103 698 2190 bene
715 2102 779 2191 vel
794 2105 998 2194 malefasta
1013 2109 1201 2222 latebunt,

136 2281 211 2360 Pro
225 2275 379 2360 meritis
393 2273 536 2358 statuet
547 2297 687 2384 poenas
705 2281 746 2356 δι
763 2274 922 2382 ptaemia
934 2273 1083 2388 cuique.

138 2445 235 2530 Cum
251 2469 350 2531 veto
364 2441 516 2554 ingenti
533 2441 688 2527 flamma
706 2437 842 2522 arserit
859 2439 965 2524 orbis
982 2443 1138 2554 ubique,
1245 2466 1300 2540 σας
1332 2517 1333 2520 a

137 2609 340 2696 Continuo
356 2604 493 2692 tellure
511 2633 628 2712 nova,
654 2604 838 2715 coeloque
857 2605 1007 2690 recenti
1067 2651 1071 2659 ·

74 2889 75 2894 Ν
136 2777 310 2862 Cernere
326 2775 403 2860 erit
418 2773 574 2860 lustrata
589 2771 792 2860 hominurn
806 2769 971 2859 volitare
985 2798 1057 2885 per
1073 2798 1183 2858 auras

136 2942 319 3055 Corpora
332 2941 435 3028 dara
452 2943 575 3055 magis
590 2941 687 3026 coeli
700 2939 937 3025 radiantibus
950 2941 1072 3050 astris,

135 3111 363 3224 Omniaque
380 3109 539 3195 aetberei
556 3107 753 3218 complere
767 3107 898 3192 sedilia
913 3109 1018 3194 coeli.

133 3279 198 3366 Tu
215 3297 332 3390 pater
347 3277 388 3362 in
405 3275 544 3362 mediis
560 3291 622 3358 tot
636 3275 802 3362 millibus
821 3275 966 3360 aetbere
983 3278 1133 3362 summo
1247 3292 1305 3370 69·

133 3445 268 3530 Totus
280 3445 487 3551 collucens,
511 3439 704 3555 radiisque
717 3443 946 3526 micantibus
961 3443 1100 3530 ardena

133 3613 279 3725 Longe
293 3605 558 3721 omneasnpra
572 3636 647 3720 pro
660 3610 858 3722 majestate
874 3608 1023 3695 sedebis

132 3777 241 3864 Cum
259 3793 358 3862 nato
371 3777 649 3890 aeqnipotente‚
673 3794 859 3888 tuumque
876 3777 1021 3862 afflabis
1038 3801 1212 3864 amorem

134 3941 349 4052 Omnibus,
375 3959 493 4056 atque
508 3964 580 4029 tuo
598 3943 708 4031 laetos
722 3943 933 4056 dignabere
946 3944 1071 4050 vultu,
1135 4005 1140 4017 a

133 4109 262 4226 Unde
275 4109 414 4204 animia
427 4111 535 4210 venit
550 4111 651 4198 alma
666 4112 788 4226 quies,
814 4107 893 4198 sine
907 4111 987 4201 fine
1003 4109 1196 4223 voluptas.
1252 4125 1307 4198 θος

1195 4272 1312 4357 Tunc
