3180 5184
258 306 308 399 36
474 300 657 378 Mxxor
691 295 1019 378 Hrrnouvm
1059 297 1201 380 Vron

254 509 397 616 Insani,
423 509 494 592 tibi
512 509 577 621 qui
597 509 634 590 fe
648 506 786 594 frustra
800 535 1001 620 opponere
1019 507 1133 624 lignis

255 671 406 760 Infestis
422 673 578 781 audent,
598 697 713 787 atque
728 675 836 758 irrita
851 675 951 758 bella
966 675 1173 761 laceffunt:

256 839 583 953 Qandoquidem
600 870 672 928 ceu
688 841 770 948 das,
783 841 918 924 adimis
933 870 1089 954 quoque
1102 870 1225 956 regna
1239 843 1422 953 superbis.

210 1043 213 1051 ·
241 996 420 1123 ¹Qanta
436 1029 511 1092 tuae
525 1006 571 1092 lit
589 1007 661 1112 vis,
679 1033 796 1119 quam
811 1005 906 1094 faeva
920 1010 1098 1128 potentia
1111 1009 1277 1094 dextrae'
1365 1043 1419 1102 ⁷91

261 1173 477 1258 Coelestnm
497 1176 693 1260 volucrum
713 1173 785 1258 scit
805 1171 1002 1284 quondam
1020 1177 1205 1259 maximus
1223 1177 1316 1281 ales,

261 1339 372 1426 Olim
391 1340 458 1452 qui
474 1341 586 1424 roseo
603 1367 672 1426 reu
691 1339 848 1426 Lucifer
860 1340 934 1425 'ore
953 1342 1118 1448 nitebat,

263 1513 318 1592 Et
333 1507 527 1590 matutino
542 1508 741 1618 praebebat
755 1507 897 1592 lumina
912 1510 1040 1607 coelo;

263 1671 367 1756 Cum
387 1671 498 1758 sociis
515 1702 616 1760 nunc
635 1675 675 1758 in
694 1673 877 1783 tenebris,
896 1686 935 1760 δι
951 1679 1068 1758 nodie
1084 1671 1276 1784 profunda
1373 1705 1425 1764 aar

268 1841 452 1926 Sontibus
471 1839 604 1925 infelix
620 1861 768 1926 aetemo
783 1841 952 1950 carpitur
974 1842 1053 1952 igni

267 2007 536 2116 Nodipotens
554 2006 697 2090 umbris
717 2029 844 2090 terror
862 2007 1086 2110 crudelibus,
1108 2019 1148 2092 δι
1164 2003 1241 2112 fax,

270 2173 542 2287 Lucifugifque
557 2175 701 2258 animas
721 2173 874 2256 nriferus
892 2194 1049 2258 exercet
1065 2175 1106 2256 in
1124 2173 1215 2258 oris.

331 2340 423 2425 *Scit
440 2341 614 2446 Babylon
631 2337 783 2449 superas
799 2340 936 2424 educta
956 2363 1060 2424 turre
1076 2339 1145 2424 sub
1163 2366 1273 2424 auras

273 2505 506 2620 Terrigenas
523 2507 626 2619 quali
645 2505 836 2619 disjeceris
853 2507 944 2590 cnfe
961 2509 1148 2618 gigantes.
1380 2518 1437 2584 tau

276 2675 356 2756 Scit
372 2675 539 2789 Segoris‚
561 2677 705 2788 scitque
722 2675 853 2759 infelix
872 2671 1117 2783 Asphaltidos
1135 2669 1246 2754 undae

277 2837 423 2922 Accola
443 2868 537 2950 quas
554 2842 667 2924 urbes
684 2839 810 2923 subito
827 2838 970 2924 telluris
989 2839 1097 2922 biatu

277 3001 474 3110 Haustus,
496 3017 536 3090 δι
556 3005 686 3114 pluvio
705 3027 862 3118 gentem
879 3005 1063 3088 deleveris
1079 3005 1161 3116 igni

280 3165 423 3256 Aulam
441 3171 607 3252 immane
624 3171 744 3274 nefas,
766 3172 842 3254 vim
856 3173 949 3255 coeli
968 3172 1109 3254 inferre
1127 3167 1304 3254 ministris

283 3335 447 3449 Aligeris
466 3359 609 3422 tenerae
621 3339 801 3450 juvenum
818 3337 883 3422 sub
897 3340 1064 3451 imagine
1080 3338 1227 3421 formae.
1387 3355 1440 3428 ⁸05

283 3503 437 3588 Tantus
456 3505 537 3616 agit
553 3503 660 3590 furor
676 3505 843 3610 insanos,
871 3532 949 3590 tam
970 3534 1070 3588 caeca
1085 3504 1239 3614 cupido.

356 3671 422 3754 Tu
441 3671 600 3782 pedibus
620 3677 727 3758 fallas
742 3674 810 3757 das
830 3675 885 3755 ire
905 3675 1059 3780 impune
1079 3701 1148 3781 per
1167 3668 1288 3753 undas

286 3837 476 3948 Suspenfis
492 3843 613 3952 genti,
635 3839 723 3922 dum
741 3837 816 3920 vim
835 3835 934 3948 fugit
949 3833 1080 3937 hostis,
1100 3833 1244 3934 amic'ae,

287 4018 341 4095 Et
360 4031 464 4090 mate
482 4006 681 4090 velivolum
701 4026 885 4088 concreta
903 3999 1039 4082 dividis
1058 3997 1172 4082 unda.

290 4183 378 4264 Nec
395 4203 517 4281 mora,
539 4173 746 4258 vorticibus
766 4168 891 4286 pelagi
911 4168 952 4250 in
969 4167 1005 4250 fe
1024 4163 1165 4250 deinde
1184 4161 1354 4268 serenis,
1393 4185 1448 4246 u·

1331 4332 1451 4414 Arma
