3160 5198
364 282 551 364 Hruur
592 303 653 361 nn
690 279 854 363 Rtaus
891 281 1127 368 Divinus.
1258 313 1335 387 155

164 500 232 584 Nil
252 499 320 585 fibi
340 521 513 612 arroget,
535 497 603 583 nist
623 498 661 580 id
675 500 760 610 jure
776 498 944 606 optimo,

163 666 239 750 Sed
258 667 339 778 ipse
358 667 425 750 fibi
445 664 490 746 fit
511 663 649 772 sponte
665 665 727 748 lex
744 677 784 750 &
801 667 1002 772 terminus,

162 837 290 950 Qum
313 835 508 955 preterire
526 833 630 944 peste
650 835 758 946 pejus
776 832 944 941 censeat,

161 1007 227 1107 Et,
253 1029 367 1113 quam
388 1005 535 1113 rogarit
554 1002 648 1112 ipse,
667 1002 745 1113 legi
762 1000 1024 1110 obtemperet,
1296 1040 1334 1100 90

160 1177 298 1254 Mente
318 1170 452 1254 aetheri
475 1171 623 1278 semper
642 1195 755 1279 quam
776 1167 896 1252 humo
914 1169 1183 1282 propinquior.

161 1337 312 1426 Privata
330 1339 484 1446 penitus
504 1335 607 1418 missa
625 1333 743 1424 faciat
759 1334 908 1441 omnia,

161 1507 314 1590 Domus
333 1503 408 1588 suae
426 1505 584 1608 oblitus,
608 1501 788 1616 suumque
802 1501 985 1587 liberum:

159 1671 329 1755 Primum
350 1694 531 1780 procuret
550 1670 715 1782 publica,
740 1697 870 1783 aequua
886 1669 1085 1780 proximos

160 1838 238 1921 Sibi
260 1841 506 1950 remotosque
526 1840 665 1924 eodem
681 1838 823 1922 habeat
841 1864 978 1922 omnes
996 1839 1100 1945 loco,
1291 1879 1328 1940 ,ς

158 2011 266 2090 Dum
283 2008 505 2090 Christiano
521 2009 747 2100 censeantur
763 2006 944 2090 nomine:

159 2173 273 2254 Sitiat
293 2187 331 2260 &
351 2176 524 2260 omnium
543 2172 701 2258 salutem
721 2203 830 2288 aeque
849 2203 893 2258 ac
908 2175 1024 2258 suam.

158 2343 216 2423 Ac
234 2343 364 2451 pallor
383 2361 427 2423 ut
447 2337 514 2425 fibi
534 2342 696 2427 traditas
713 2367 805 2424 oves
822 2339 984 2424 domum

1 2499 2 2526 ¹
158 2509 360 2594 Reducere
376 2536 512 2592 omnes
530 2509 682 2621 satagit,
707 2537 783 2592 una
801 2535 851 2594 ne
871 2507 1025 2601 abfuata
1170 2531 1175 2555 ⁰

157 2677 219 2759 Sic
237 2675 403 2762 creditas
422 2675 566 2760 animas
586 2677 652 2759 srbi
671 2677 891 2758 mortalium

20 2918 28 2936 x
156 2843 248 2924 Deo
266 2845 421 2952 optimo
439 2843 607 2956 refignet
626 2844 764 2928 ultimo
780 2817 811 2926 is
829 2842 893 2927 die

155 3011 231 3091 Pro
248 3008 400 3122 fingulis
416 3033 580 3120 paratus,
608 3011 711 3095 haud
732 3013 803 3097 tibi
820 3011 1005 3124 degener,

4 3209 5 3212 ¹
155 3181 352 3284 Mortem,
368 3177 394 3260 sr
412 3207 509 3287 opus
532 3177 591 3282 srt,
618 3201 807 3289 oppetere
823 3180 1132 3292 pulcherrimam.

3 3317 6 3328 ’
155 3341 293 3426 Talem
314 3346 432 3456 usque
451 3347 579 3452 nobis,
603 3345 893 3452 fimerebimus,
917 3367 1071 3458 patrem

155 3509 293 3617 Dabit,
318 3539 392 3598 nec
410 3541 580 3625 unquam
600 3515 773 3630 negliget
790 3517 877 3598 suos
895 3517 1018 3601 Deua.
1272 3557 1322 3616 m
