3160 5198
252 269 328 338 152
473 233 657 316 Minci
691 233 1022 320 Hrtno'urmr
1061 243 1203 326 Vror

247 454 551 538 Communicata
567 449 649 534 filio
665 452 843 573 unigena
861 455 1029 563 optimo,

247 629 301 707 Et
316 623 500 724 maximo,
528 619 577 703 de
596 618 754 730 virginis
773 639 887 702 utero
904 596 1028 729 edito,

247 788 481 874 Mortalibus
496 801 582 871 cum
599 787 638 870 se
656 789 813 872 artubus
833 786 980 870 mundo
995 791 1139 873 obtulit
1195 761 1199 770 .

248 955 523 1068 Spefilabilem,
549 952 824 1067 doloribusque
843 957 1070 1056 obnoxium,

246 1125 449 1236 Mottique
466 1122 615 1206 acerba
632 1149 707 1230 pro
722 1122 841 1207 salute
857 1125 1020 1233 publica.

93 1310 97 1324 '
246 1291 318 1374 Ille
335 1290 426 1374 inde
445 1289 517 1374 tibi
532 1289 762 1373 mortalibus
777 1317 857 1400 prae
876 1293 1056 1375 omnibus

245 1465 345 1542 Eam
363 1457 518 1570 reliquit
533 1455 687 1540 aetheris
704 1479 885 1568 repetens
901 1459 1054 1562 domos,

22 1667 28 1682 ·
149 1707 156 1722 ,
245 1623 508 1710 Haereditario
523 1625 631 1708 velut
643 1625 731 1737 jure
748 1619 918 1736 caperes,

244 1790 417 1903 Tibique
432 1791 617 1877 conceffit
632 1789 714 1877 suas
727 1793 882 1902 prorsus
896 1793 998 1877 vices

244 1965 373 2064 Perre,
396 1958 472 2044 sive
487 1957 657 2068 Cephas‚
682 1960 748 2043 seu
767 1961 902 2044 Simon
921 1958 998 2045 dici
1015 1959 1134 2074 eligis.

244 2126 354 2240 Qid
372 2126 449 2210 hoc
466 2127 630 2238 negoti?
656 2155 736 2239 quo
754 2147 826 2212 tuo
845 2129 937 2213 istuc
951 2127 1126 2214 facinore

244 2295 433 2380 Meritum
450 2295 525 2380 effe
543 2292 682 2401 dicam,
704 2322 828 2407 quave
844 2297 971 2409 gratia
988 2305 1097 2382 rear?

242 2465 310 2548 Tu
329 2461 545 2573 pisculento
562 2480 677 2546 natus
694 2461 735 2546 in
751 2463 949 2575 gurgustio

244 2631 471 2716 Parentibus
488 2628 579 2714 sane
598 2627 701 2712 satur
719 2631 986 2741 pauperrimis,

244 2797 365 2884 Nulla
382 2797 546 2900 inclytus
564 2795 737 2880 nifiarte·
755 2798 975 2908 piscatoria,
1110 2801 1116 2818 ‘

244 2964 357 3050 Nihil
372 2964 532 3073 patrasti
551 2962 708 3078 glorioli
723 2958 935 3050 facinoris:

244 3131 448 3218 Nonnulla
461 3131 606 3240 potius,
633 3128 816 3216 simerita
831 3132 1116 3244 perpendimus,

243 3299 455 3386 Malefaua
472 3321 514 3382 te
529 3297 645 3410 plane
661 3320 842 3413 arguunt,
868 3312 909 3387 δι
923 3297 1081 3426 peffima

241 3467 429 3582 Qidem,
456 3465 621 3553 ferenda
636 3493 765 3580 neque
783 3469 964 3582 gregario
982 3467 1024 3550 in
1042 3464 1213 3551 homine.

243 3632 346 3718 Tun’
359 3632 438 3740 ille,
459 3635 524 3746 qui
541 3654 660 3741 tutus,
683 3637 896 3747 proculque
910 3633 1087 3746 periculo

242 3800 454 3916 Magnifica
470 3804 587 3887 verba
605 3803 830 3912 prolocutus
849 3801 1033 3914 ampliter

243 3969 519 4083 spoponderas
535 3989 577 4055 te
594 3969 700 4054 mille
715 3968 925 4054 subiturum
943 3997 1071 4076 neces,

189 4249 192 4256 Ι
243 4139 284 4224 si
301 4167 399 4254 opus
415 4137 557 4248 firiffet,
576 4135 763 4250 produce
781 4135 1047 4223 meritiffimo?

1380 3329 1413 3396 35
