3160 5198
250 261 326 354 158
460 257 647 336 Miror
685 253 1016 339 Hrrxortursr
1055 257 1199 341 Vror

246 471 386 558 Gratia
402 469 465 556 cui
478 493 625 574 comes,
647 477 689 552 ὅτ
706 467 800 552 nudi
817 471 872 554 vis
890 469 1056 580 plurima
1073 475 1168 558 veri.

245 639 345 756 Qis
363 657 480 726 canat
496 638 592 744 haec,
613 637 683 722 nifi
702 637 834 724 divino
849 639 914 750 qui
929 640 1088 723 numine
1106 643 1256 752 plenus,

246 810 370 893 Cuive
388 807 482 890 olim
501 832 593 920 rege
609 804 691 915 ipse
707 802 808 886 satus
830 805 1014 894 radiantis
1032 807 1195 918 Olympi
1379 845 1412 904 rt

245 978 399 1061 Eximio
416 973 582 1086 presens
600 971 737 1057 eadem
754 973 942 1058 instillarit
960 983 1122 1060 amore?

246 1145 345 1260 Qis
362 1165 478 1230 canat
496 1143 591 1248 haec,
619 1139 687 1224 nisr
705 1148 885 1248 Ioannes,
912 1171 1026 1254 quem
1039 1143 1228 1231 maximus
1244 1143 1362 1228 heros

245 1310 434 1426 Unigena
451 1313 493 1396 in
511 1311 623 1394 terris
641 1307 785 1394 socium
805 1305 872 1392 libi
890 1312 1051 1420 pedore
1070 1333 1162 1396 toto

246 1478 397 1592 Junxit,
420 1504 574 1590 praeque
591 1477 674 1562 aliis
691 1478 792 1562 miro
810 1473 945 1562 dilexit
963 1505 1111 1590 amore,

246 1647 378 1757 Atque
397 1671 517 1728 unum
532 1643 687 1750 erudiit,
708 1645 963 1756 superumque
978 1673 1120 1732 arcana
1139 1648 1307 1730 retexit?
1378 1687 1413 1744 μ

246 1813 352 1919 Ales,
378 1820 558 1919 Ioannes,
585 1836 628 1896 tu
644 1831 763 1919 certe,
786 1810 850 1896 ille
865 1811 1026 1917 inclytus
1046 1815 1124 1898 ales

246 1979 342 2066 Alta
355 2001 498 2089 petens
516 1979 639 2083 sensu,
660 1978 830 2090 coelique
848 1979 1015 2062 abstrusa
1030 1983 1241 2067 recluderis.

157 2243 161 2258 ⁶
246 2148 373 2232 Felix!
403 2177 425 2232 e
443 2147 511 2234 tali
532 2149 593 2232 cui
611 2147 704 2231 talia
724 2145 889 2257 plurima
906 2147 1020 2232 fonte

245 2317 424 2423 Haurite,
448 2317 618 2430 &largo
638 2309 853 2426 perdiscere
870 2315 1039 2428 contigit
1053 2315 1200 2404 liaustu.

245 2485 371 2570 Felix!
394 2511 509 2596 quem
528 2503 642 2568 tanto
662 2481 783 2566 sanor
802 2507 870 2567 rex
890 2484 1042 2566 aetheris
1061 2481 1139 2592 ipse
1156 2487 1214 2570 est
1306 2536 1312 2544 ·
1378 2519 1413 2584 tt

245 2653 478 2764 Complexus
496 2649 662 2764 presens
679 2649 834 2734 mortali
850 2652 890 2734 in
910 2679 1076 2762 corpore
1095 2680 1241 2759 amore,

245 2825 299 2902 Et
313 2820 494 2929 juvenem
510 2821 662 2932 juvenis
677 2817 829 2924 dilexit,
856 2822 998 2904 amicus
1017 2819 1193 2904 amicum.

244 2989 343 3072 Non
362 3013 484 3099 genus
502 2987 571 3072 ista
590 2988 660 3070 tibi
677 2987 915 3098 praeclarum,
942 3007 1009 3071 aut
1026 2987 1100 3072 ulls
1120 3009 1325 3098 parentum

245 3153 448 3238 Nobilitas
465 3151 573 3237 dedit
590 3156 727 3266 exigua
743 3153 915 3240 Belsuide
934 3173 1058 3263 creto,

247 3324 322 3404 Ars
339 3320 403 3405 ubi
421 3341 505 3404 erat
522 3323 592 3408 tibi
610 3351 680 3434 per
697 3323 797 3433 ripas
811 3320 984 3408 muscose
1001 3321 1209 3408 secundum
1377 3345 1417 3402 ss

245 3489 425 3574 Flumina
441 3489 626 3600 deceptor
646 3491 686 3574 iu
707 3494 804 3574 retia
823 3489 978 3575 trudere
993 3483 1124 3598 pisces.

246 3663 286 3740 Is
306 3675 438 3740 tamen
457 3685 551 3740 unus
565 3685 665 3780 eras,
693 3659 886 3772 genereus
903 3657 1083 3741 omuibus
1103 3659 1156 3743 illi
1321 3677 1325 3684 ’

245 3825 488 3932 Posthabitis,
509 3823 570 3908 cui
589 3827 781 3937 precipuo
798 3824 1018 3938 indulgeret
1038 3849 1185 3928 aurore,

247 3995 406 4111 Qique
422 4019 555 4106 parem
574 3993 643 4076 fibi
663 3993 915 4102 responderes
935 4013 1065 4104 gratus
1082 4017 1268 4075 amorem.

162 4180 167 4192 '
249 4165 384 4251 Dulcis
401 4189 531 4266 amor5
556 4160 686 4246 dulces
703 4161 820 4245 animi
838 4159 1095 4272 superomnia
1113 4186 1234 4261 curae;
1378 4179 1415 4248 st

1323 4327 1418 4408 Prte-
