3180 5184
335 201 516 282 Hrunr
550 215 614 277 us
649 193 1085 284 RsnusD1vr1srs.
1240 237 1289 310 ²3

125 413 260 530 arque
278 416 333 502 uti
355 441 398 498 es
415 413 580 500 omniuo
596 411 699 521 potis
718 411 774 494 est
790 411 891 498 haud
907 365 1067 501 noscere
1083 417 1294 534 quisquam,

125 585 306 668 Terrena
320 609 436 695 quam
455 580 560 663 mole
573 577 653 682 diu,
679 578 934 692 membrisque
948 603 1156 692 prematur.
1238 621 1295 680 490

130 749 315 836 aversum
332 769 375 833 te
395 767 507 862 terga
522 745 641 830 oorlis
655 747 720 830 vix
735 747 926 833 cernimus
942 751 1078 863 aegris:

127 923 183 1000 Et
198 917 328 1028 potius
351 915 443 1029 quid
460 941 543 998 non
561 911 743 1023 fisquivis
761 938 941 1022 proruere
953 916 1082 1025 poffit,

128 1085 265 1200 Qam
281 1111 374 1170 vera
386 1083 513 1170 valeat
527 1081 679 1191 penitus
695 1098 736 1163 te
750 1078 913 1166 reddere
929 1079 1081 1184 sorma;

127 1250 292 1366 Qippe
310 1270 388 1335 tuae
404 1244 604 1358 aspicimus
621 1265 773 1332 tantum
790 1247 945 1362 vestigia
960 1247 1118 1337 dextrae.

127 1417 330 1536 Q'cquid
347 1415 469 1500 habet
484 1413 609 1519 telius,
622 1441 743 1522 mare,
757 1413 914 1522 coelum,
928 1415 1111 1528 quicquid
1121 1427 1165 1504 dt
1176 1419 1298 1504 aether

128 1585 375 1695 Latipatens,
387 1609 486 1693 opus
496 1607 616 1666 omne
630 1600 760 1666 tuum:
776 1580 1032 1694 quodcunque
1044 1583 1228 1696 videmos,
1240 1609 1299 1687 496

131 1751 387 1860 Sentimusve,
409 1772 516 1834 tuum
534 1747 608 1831 est:
636 1746 750 1832 nobis
766 1747 850 1834 haec
866 1747 995 1834 reddit
1009 1753 1142 1866 imago
1153 1799 1184 1855 ς.
1346 1727 1350 1734 ’

130 1916 301 2000 Plurima
315 1937 357 2002 te
374 1917 416 2001 in
431 1915 600 2026 speculo,
619 1913 843 2028 liquidisque
857 1935 1011 2002 tuemur
1024 1918 1066 2004 in
1082 1921 1217 2010 undis:

133 2083 269 2196 Terga
284 2103 363 2169 tuae
379 2083 469 2166 sunt
482 2081 565 2168 haec
586 2093 627 2170 δι
643 2082 857 2193 posteriora
874 2083 1018 2200 figurae.

133 2250 303 2336 Proinde
319 2251 401 2364 quis
418 2269 550 2342 amota
564 2269 604 2335 te
619 2248 734 2362 poffit
747 2251 961 2336 comminus
977 2255 1111 2340 umbra
1245 2289 1302 2354 sot

135 2419 256 2502 Ferre
274 2419 409 2525 oeulis,
433 2417 567 2532 qualis,
592 2415 802 2530 quantusve
818 2419 1060 2527 amplesieris
1075 2424 1222 2528 omnia,

136 2582 327 2697 Undique
343 2585 512 2690 diffusus,
528 2584 639 2670 nullo
655 2582 706 2666 de
722 2581 866 2666 lumine
884 2584 1029 2692 lumen,

136 2753 225 2836 Lux
238 2752 347 2836 nulia
363 2751 413 2837 de
428 2753 526 2860 luce,
548 2750 675 2836 omnis
692 2747 760 2834 sed
775 2749 867 2834 lucis
884 2747 1022 2860 origo?

135 2921 276 3004 Nemo
288 2919 468 3031 equidem
482 2917 603 3005 credo
616 2920 695 3006 vim
710 2935 859 3004 tantam
874 2919 1027 3014 luminis
1041 2917 1183 3032 absque

136 3085 310 3170 interitu
324 3084 441 3194 ferat,
464 3105 532 3170 aut
547 3086 731 3170 torrentis
747 3085 905 3172 flumina
923 3087 1028 3172 sucis.
1252 3121 1304 3183 ςος

137 3253 287 3338 iccirco
304 3275 345 3338 te
362 3253 547 3338 mortales
558 3269 814 3366 metuuntque
831 3273 1095 3368 tremuntque,

138 3423 270 3532 Seque
288 3441 367 3504 tuae
382 3419 545 3530 cupidos
561 3417 731 3503 solantur
748 3419 916 3532 imagine
932 3419 1083 3530 forna,

139 3591 276 3700 Atque
294 3590 415 3673 aciem
431 3586 481 3672 ad
497 3610 610 3672 veros
625 3613 710 3672 non
726 3585 870 3670 audent
889 3589 1027 3673 tollere
1044 3585 1183 3674 vultus.

141 3757 339 3840 Omnibus
355 3783 397 3839 es
416 3753 547 3862 timor,
566 3751 671 3838 uude
686 3755 812 3840 Deum
831 3751 961 3838 dixisse
977 3754 1125 3866 priores

142 3923 207 4006 Te
225 3921 391 4007 credunt
404 3919 520 4032 aliqui
534 3945 634 4008 verae
651 3919 811 4006 rationis
823 3939 993 4034 egentes.
1130 4007 1134 4014 ,
1256 3949 1316 4010 rr·

143 4089 209 4176 Te
224 4089 364 4204 vulgus
380 4103 539 4198 ueniat,
564 4097 607 4174 ot
623 4086 798 4174 mortalis
811 4103 952 4172 caetera
967 4085 1094 4194 turba,

1242 4245 1315 4330 Sis
