3168 5190
280 286 361 354 216
498 271 684 352 Mnncr
723 267 1056 356 Hunnorum
1089 276 1232 364 Vrnn

276 489 367 573 Nou
384 509 538 598 quoque
556 484 728 570 alternos
748 481 864 568 adeas
880 503 1040 572 vocatus

275 653 372 742 Rite
388 651 539 736 solenni
553 674 682 760 prece,
708 669 980 736 revocantem

274 815 710 928 Temnenonqneisvis
724 817 851 902 minus
867 816 1086 906 addicamur
1418 859 1454 919 ις

437 983 612 1068 Urbibus
630 980 784 1066 Albam.

273 1152 363 1236 Post
380 1155 510 1236 Deum
526 1175 612 1260 quae
628 1165 670 1232 te
684 1173 872 1236 venerans
889 1149 1097 1239 secundum

275 1323 370 1428 spes
383 1314 469 1401 suus
486 1316 527 1398 in
544 1333 585 1398 te
602 1315 707 1400 locat
720 1313 926 1420 advocato,

273 1491 328 1570 Et
345 1504 416 1568 tuo
429 1481 512 1568 haec
526 1480 611 1594 regi
624 1477 805 1590 superum
822 1479 969 1569 dicavit

433 1647 609 1735 Nomine
625 1645 786 1755 templa.

270 1818 336 1901 Tu
351 1833 464 1927 potes
478 1813 617 1900 nostris
630 1810 733 1896 nala
746 1813 976 1902 molientem

270 1981 397 2070 Multa
413 1981 581 2093 pecuaris
598 2001 716 2090 prece
730 1977 889 2067 flauere
906 1981 1031 2094 ipsum

270 2149 485 2236 Maximum
502 2145 610 2254 coeli,
630 2146 886 2262 superumque
901 2173 1036 2264 regem

430 2313 604 2400 Numine
623 2312 726 2398 laeso.
1077 2431 1080 2438 Ι

268 2479 433 2592 Asperas
449 2507 617 2594 proquo
633 2507 732 2590 puer
745 2479 926 2566 horruisti

266 2651 357 2734 Nec
372 2647 495 2732 minan
512 2649 613 2762 regis
627 2647 740 2733 nimis
758 2647 910 2734 efferati

265 2813 452 2928 Prodigus
468 2815 570 2920 vitae,
594 2840 668 2900 nec
684 2813 823 2901 acerba
836 2814 974 2928 spretis

426 2985 581 3064 Funera
595 2979 771 3074 flammis.

263 3148 329 3231 Tu
346 3145 448 3232 levas
463 3147 586 3256 omni,
609 3146 802 3260 serajuffa
815 3165 968 3256 contra,

261 3319 475 3423 Pauperunr
493 3333 620 3401 coetus
641 3342 719 3428 ope
735 3313 955 3423 destitutos,

263 3481 388 3597 Quis
405 3481 552 3568 sacrum
566 3481 705 3592 templi
722 3483 847 3569 bonus
864 3480 1032 3596 erogasti

422 3647 570 3734 Divitis
588 3673 737 3737 aurum.

260 3817 327 3900 Tu
343 3811 447 3898 rosas
465 3813 569 3898 inter
583 3813 692 3902 velut
708 3815 749 3898 in
765 3813 909 3926 viretis,

261 3981 382 4067 Ustur
396 3979 439 4064 in
456 3979 589 4091 prunis
606 3977 743 4066 mediis
759 3981 986 4098 triumphas,

260 4143 436 4259 Despicis
449 4143 624 4232 flammas
639 4144 801 4234 meliore
817 4145 938 4234 tostus

421 4319 533 4400 Intus
550 4312 601 4400 ab
614 4311 721 4430 igne.
