3160 5198
247 285 327 356 rar
461 273 645 352 Minor
683 271 1017 354 Htraouunrr
1054 263 1218 358 vrun'

245 485 310 574 Te
324 484 634 573 circumvolitant
652 485 791 573 dextra
806 487 977 599 luraque
992 483 1213 606 frequentet

247 649 424 740 Alituum
441 675 583 760 uoetuu,
607 654 702 740 coeli
719 655 901 740 stellantia
918 653 1077 760 alumni,
1126 669 1130 676 '
1278 749 1280 754 ,

246 819 553 934 snbvettamque
569 822 779 908 ministerio
797 841 839 906 te
855 823 1121 932 praepetis‘alae
1300 859 1313 952 f·

247 993 297 1072 In
314 986 473 1074 sublime
486 986 618 1074 ferunt
634 985 776 1074 unua
792 987 843 1073 de
856 990 1001 1074 uertice
1019 985 1185 1074 Idumes.

247 1153 614 1242 Pallureaadmirati
634 1155 976 1242 videresubauraa
1362 1197 1419 1258 ιφ

249 1326 459 1431 Errantem,
481 1336 523 1412 δι
541 1323 648 1408 claro
664 1321 878 1440 fignautem
896 1323 1054 1408 tramite
1070 1323 1227 1410 coelum.

250 1487 360 1574 Talir
378 1491 428 1574 ab
441 1491 534 1576 Eois
551 1496 703 1576 Aurora
717 1489 910 1594 attollitur
927 1491 1058 1576 undis:

250 1653 361 1740 Talis
377 1661 490 1742 Luna
506 1684 639 1744 recens
655 1657 770 1744 roseo
787 1679 902 1768 caput
918 1658 1041 1742 exerit
1057 1677 1170 1760 ortu;

250 1822 433 1938 Utraque
445 1821 514 1910 sed
530 1825 647 1941 longe
662 1825 805 1912 obtuso
823 1824 895 1910 tibi
913 1825 1057 1911 lumine
1073 1825 1189 1910 cedit.

252 1985 331 2071 Sed
347 2017 472 2106 neque
490 1995 678 2107 reprimo
692 1992 832 2108 jubare
846 2013 973 2106 equet
990 1993 1176 2078 maximus
1193 1987 1275 2102 ipse
1367 2023 1418 2084 ²95

253 2153 322 2238 Sol
339 2154 432 2245 lucis
450 2158 540 2246 fona
556 2159 736 2246 exoriens
753 2159 1029 2246 comitantibus
1046 2159 1165 2244 horit.

253 2322 317 2408 Sic
332 2327 483 2414 coelunt
497 2329 702 2440 capellata
717 2326 829 2435 subis,
856 2325 1044 2440 thiafique
1062 2325 1248 2438 chorique

253 2489 317 2584 Tc
334 2493 491 2605 circum,
515 2493 704 2610 &liquidi
722 2497 904 2580 resonant
924 2521 993 2605 per
1013 2492 1142 2578 nubila
1159 2512 1293 2578 cantus

254 2655 476 2752 Castrorum
492 2667 533 2752 in
550 2691 714 2773 morem,
739 2662 870 2748 nitidis
888 2689 974 2748 cum
990 2661 1177 2746 exercitus
1197 2661 1315 2744 armis
1408 2651 1412 2658 ’

253 2825 417 2913 Pulcher
430 2831 477 2939 it,
496 2859 571 2918 aere
589 2834 687 2919 acies
706 2831 756 2916 de
774 2849 911 2915 monte
926 2827 1085 2912 adversa
1105 2821 1284 2939 refulget.
1369 2863 1425 2928 ,ου

256 2995 420 3108 Antiqui
437 3023 631 3106 proceres,
656 2999 784 3115 gentis
800 2996 944 3081 decora
958 2996 1037 3080 alta
1051 2996 1207 3080 uetustae

256 3161 491 3272 Occurrunt,
511 3165 695 3280 vatesque
713 3167 769 3278 pii
783 3183 946 3250 ventura
961 3162 1113 3276 loquuti

255 3327 464 3438 Excipiunt
481 3332 623 3444 laetam,
650 3346 691 3421 δι
708 3331 855 3418 summa
872 3329 922 3414 ad
938 3325 1087 3442 fastigia
1101 3327 1260 3432 ducunt,

255 3495 487 3612 laetitiaque
506 3497 828 3610 fremuntsuperi.
869 3497 1035 3582 Mariam
1050 3495 1129 3579 alta
1142 3496 1250 3579 beati

257 3664 508 3777 Ingeminant
522 3695 592 3780 per
607 3668 752 3776 templa
768 3664 893 3774 chori,
905 3663 1149 3775 Mariamque
1162 3659 1430 3773 frequentant,

258 3835 494 3946 Ingentique
509 3835 644 3946 procul
662 3835 828 3918 reboant
846 3831 981 3942 supera
997 3830 1116 3916 ardua
1132 3827 1278 3941 plausu,
1375 3826 1449 3926 306'

261 4005 315 4085 Et
330 4019 458 4087 totum
475 4021 657 4089 exercent
673 3999 773 4086 intus
794 4027 895 4084 nova
911 3997 1050 4112 gaudia
1065 3997 1224 4082 coelum.

262 4163 382 4252 Filius
399 4165 464 4256 hic
481 4170 600 4258 etiam
617 4167 738 4255 santii
756 4187 942 4282 regnator
959 4163 1139 4277 Olympi,

1350 4321 1432 4441 Qi
