3160 5198
363 283 544 362 Humur
585 303 644 360 ou
681 279 846 361 Rursus
884 277 1120 359 Drvruts.
1251 305 1325 384 ¹⁷9

161 494 281 578 Unde
300 494 436 579 animis
454 494 569 578 scelus
589 492 742 596 eluitur,
770 515 1019 605 veterumque
1040 511 1245 603 parentum

160 659 335 744 Crimine
352 662 562 744 contrade
581 661 774 742 excedunt
790 661 974 772 contagia
991 659 1110 742 labis:

159 827 258 910 Inde
276 855 433 912 manum
451 825 564 934 supe'r
584 824 778 933 imposuit,
807 827 1036 938 templisque
1055 823 1211 910 sacratis

157 991 383 1101 Praeposuir,
409 983 636 1101 populisque
651 988 787 1074 ducem
803 989 913 1074 dedit
928 993 1003 1076 esse
1019 991 1217 1078 docendis.
1274 1023 1325 1083 1¹5

160 1163 316 1242 Interea
332 1161 462 1243 afflato
481 1159 546 1242 rifi
562 1183 655 1243 cava
670 1155 814 1240 lumina
831 1159 972 1243 circum

161 1325 375 1408 Scintillare
390 1328 510 1439 ignes,
538 1324 733 1434 velutique
750 1291 952 1435 erumpere
970 1323 1106 1410 ahenae

161 1495 335 1600 Squamae
350 1492 486 1596 oculis,
512 1493 711 1603 lucemque
730 1489 865 1595 liaufit,
891 1491 1062 1604 visusque
1081 1494 1243 1606 recepit,

159 1663 290 1768 Atque
311 1659 386 1740 suae
402 1659 503 1742 vidlu
521 1657 672 1740 rediere
691 1659 730 1740 in
750 1657 906 1765 pristina
922 1657 1034 1741 vires.

159 1824 361 1908 Continuo
381 1825 498 1908 Saulo
516 1823 630 1933 plene
650 1841 819 1906 mutatus
834 1824 884 1906 ab
900 1825 980 1930 illo,
1272 1858 1326 1904 n·

160 1991 240 2105 Qi
260 1991 381 2074 modo
400 1991 540 2106 ulpique
560 1991 645 2099 pios
663 1991 769 2074 ferro
787 1991 992 2102 vinclisque
1010 1989 1185 2100 petebat,

159 2159 307 2273 Long‘e¹
318 2159 411 2240 alios
426 2159 536 2239 verso
553 2157 701 2267 accepit
716 2185 802 2242 cum
820 2158 980 2241 nomine
1000 2157 1125 2240 sensus
1134 2198 1148 2255 ;

158 2329 211 2406 Et
225 2325 307 2435 jam
323 2323 460 2406 Paulus
480 2343 581 2405 erat:
615 2323 742 2404 subito
756 2323 810 2406 illi
828 2325 940 2432 copia
956 2321 1063 2407 sandi

159 2488 391 2593 Verborum,
409 2516 610 2599 rerumque
626 2507 767 2597 potens
787 2488 994 2596 prudentia
1009 2489 1117 2572 venit

160 2658 264 2738 Orta
280 2655 415 2767 magis,
439 2655 563 2738 studio
579 2682 694 2766 quam
712 2677 776 2738 aut
794 2654 872 2736 ullo
889 2617 1161 2762 partalabore.
1275 2693 1324 2753 ης

158 2823 247 2930 Jnm
267 2823 389 2904 claros
404 2822 605 2905 hominum
623 2821 729 2904 sandi
746 2817 957 2902 fabricator
974 2819 1106 2903 adibat

159 2987 399 3090 Conventus,
426 2989 632 3097 medioque
650 2983 738 3069 soro
756 2985 883 3071 divina
902 2987 1082 3098 loquutus
1100 2953 1103 2960 ι

160 3152 400 3236 Pendentem
416 3155 601 3263 populum
619 3151 770 3235 insueto
787 3149 964 3238 sermone
984 3154 1158 3262 tenebat,

160 3321 314 3403 Semine
330 3319 380 3401 ab
398 3321 571 3402 aethereo
586 3319 696 3400 terris
711 3321 851 3404 venisse
869 3322 1004 3426 virum,
1030 3348 1147 3431 quern

159 3491 376 3570 Venturum
395 3488 513 3569 toties
531 3507 637 3566 vates
653 3486 827 3568 cecinere
847 3513 918 3594 per
933 3485 1085 3592 orbem,
1274 3524 1329 3581 130

158 3653 253 3762 Qu
269 3673 443 3737 ueterum
463 3653 587 3734 lueret
606 3649 724 3734 scelus
739 3651 891 3732 exitiale
910 3669 1115 3760 parentum

159 3817 352 3920 Proditus,
369 3829 409 3903 ὃ(
428 3815 557 3900 laesum
575 3816 746 3927 placaret
765 3814 946 3928 sanguine
965 3839 1111 3900 numen

159 3982 246 4092 lpse
266 3983 346 4086 suo,
364 3983 486 4066 morti
500 4010 573 4094 pro
592 3983 736 4068 cunslis
755 3981 908 4067 deditus
927 4011 1035 4067 unus.

161 4155 291 4262 Atque
308 4147 390 4234 haec
405 4150 539 4234 crebra
549 4149 722 4263 quidem,
735 4148 975 4262 populosque
988 4147 1037 4250 ad
1048 4148 1151 4236 sacra
1163 4147 1330 4238 vocabat

862 4322 944 4397 Z2
1203 4316 1333 4404 Multa
