3160 5198
272 309 348 378 17¹
485 283 662 362 Mnuct
701 281 1032 362 Htunonum
1068 285 1210 373 Vtun

211 506 216 518 ’
269 496 465 607 Supplicio
483 491 708 603 obsequium
728 493 902 578 fimulans
921 515 961 580 te
982 497 1111 585 affecit
1130 499 1271 587 eodem
1386 535 1437 594 125

267 663 429 773 Impius,
449 659 678 774 ingentique
695 685 827 769 parem
844 661 951 745 dedit
968 664 1043 746 esse
1061 666 1258 777 magistro.

269 832 333 917 Te
350 852 506 940 poteras
526 849 605 911 tam
620 825 765 910 crudeli
784 825 993 913 subducere
1011 832 1144 938 morti,

269 997 371 1082 Cum
387 963 513 1080 subito
532 1014 618 1078 tota
637 993 731 1089 urbe
746 1020 860 1076 tuens
879 1023 1011 1080 manus
1025 996 1154 1081 omnis
1169 999 1209 1084 in
1224 1027 1330 1086 arma

272 1164 440 1272 Atstffet,
459 1163 609 1274 dirique
623 1160 726 1244 faces
745 1161 785 1244 in
805 1162 908 1244 tedia
928 1163 1095 1253 tulissent

268 1331 453 1441 Praestdis,
480 1327 623 1414 insonti
643 1329 712 1412 tibi
733 1327 772 1410 ni
789 1328 912 1413 vincla
926 1333 1033 1418 ardia
1051 1335 1216 1426 levasset.
1382 1369 1435 1434 qq

269 1453 338 1586 Ti
355 1501 444 1586 vitae
463 1525 606 1609 magno
623 1516 778 1598 aeternae
794 1519 994 1604 correptus
1014 1527 1148 1582 amore

268 1666 480 1752 Mortalem
495 1665 658 1775 optabat
673 1691 788 1775 quam
809 1663 973 1773 primum
994 1666 1191 1749 effundere
1209 1668 1343 1772 vitam,

270 1835 404 1944 Atque
421 1833 511 1916 ideo
531 1829 695 1916 tendens
710 1851 842 1915 exutas
863 1789 1011 1916 vincula
1030 1833 1174 1942 palmas

269 2000 422 2086 Obvius
439 2000 577 2082 orabas
597 1996 784 2108 populum
803 1997 949 2104 pietate
965 1997 1157 2084 furentem

269 2173 336 2256 Ne
352 2164 512 2272 faceret,
534 2163 658 2248 studio
677 2163 748 2247 tibi
769 2191 819 2246 ne
837 2166 935 2248 male
950 2167 1094 2250 amicus
1111 2167 1272 2271 obesset,
1384 2195 1431 2266 ¹35

270 2335 338 2420 Ne
357 2361 481 2446 prope
496 2336 572 2445 jam
593 2351 743 2450 paptum
761 2331 931 2441 eriperet
949 2333 1015 2414 sub
1030 2325 1108 2416 fine
1123 2329 1371 2442 triumphum.

273 2505 402 2612 Atque
422 2500 521 2584 adeo
538 2496 644 2587 saevis
659 2499 724 2610 qui
744 2497 1033 2608 tempestatibus
1052 2501 1158 2584 adius

271 2673 346 2752 Per
360 2669 480 2752 maria
499 2665 653 2752 Andium
675 2664 794 2750 dubio
814 2665 880 2748 sub
899 2664 1018 2748 fidere
1038 2666 1171 2776 iniqui,

273 2830 315 2912 Si
332 2833 469 2941 quibus
488 2829 650 2940 impegit
665 2849 869 2910 ventorum
888 2852 1049 2910 munere
1066 2823 1221 2914 tandem

273 2995 504 3098 Littoribus,
528 2994 753 3104 tumuloque
773 3015 895 3076 ratem
916 2991 1072 3103 subjecit
1089 3019 1228 3094 arenae,
1388 3021 1436 3090 ιφ,

272 3161 370 3244 Non
392 3181 472 3242 tam
489 3159 603 3242 avido
627 3160 759 3244 fictum
780 3160 937 3268 arripiat
959 3161 1108 3244 telluris·
1121 3185 1267 3264 amore,

273 3329 406 3442 Qum
423 3346 465 3410 tu
484 3347 574 3410 tunc
592 3325 726 3436 procul
744 3326 793 3408 as
785 3327 925 3434 piciens
945 3321 1076 3409 setalia
1094 3326 1189 3438 ligni

272 3491 434 3577 Brachia
451 3491 651 3604 flagrabas,
680 3492 852 3604 miraque
873 3492 1051 3599 cupidine
1069 3513 1217 3601 captus,

265 3625 558 3768 ¹Impatiensque
578 3687 696 3744 motae
714 3661 852 3750 orabas
869 3657 1068 3764 dispendia
1086 3657 1189 3740 tolli:

271 3831 410 3938 thue
425 3823 598 3910 obiturus
614 3827 700 3907 olor
720 3826 885 3908 moriens
904 3823 1052 3910 insueta
1069 3826 1248 3935 canebas,
1387 3847 1437 3917 ut

271 3999 325 4078 Et
344 3993 493 4076 dulcem
512 3993 748 4101 amplediens
769 3989 940 4074 inhiabas
960 3994 1120 4100 pediore
1138 4013 1329 4078 truncum.

271 4161 334 4242 Ut
353 4179 392 4242 te
407 4159 617 4270 conspicio,
644 4179 688 4242 ut
710 4177 748 4240 te
766 4157 911 4264 animo,
936 4159 1040 4266 Cuux
1057 4156 1172 4265 aluta,
1195 4157 1344 4245 volenti

1331 4323 1438 4410 Acci·
