3160 5198
282 219 357 307 178
501 217 685 296 Mnncr
719 219 1048 298 Hrsnonsnr
1087 219 1228 304 Vr'nn

275 428 525 536 Lapsantem,
550 429 740 514 &dubios
755 430 896 515 nitenti
916 429 1072 539 cuspide
1088 431 1231 542 greffus

275 595 517 680 Firmantem
538 597 713 680 manibus
733 595 823 678 socii
841 596 941 678 intra
962 555 1109 680 moenia
1129 598 1285 683 ducunt.
1391 637 1425 698 9·

275 763 366 872 Jam
385 781 464 845 tres
480 761 521 844 in
538 761 707 846 tenebris
722 781 905 872 exegerat
925 762 1019 845 urbe
1037 786 1212 873 receptus

274 933 330 1012 Et
343 921 496 1038 frugum
511 940 551 1014 δι
567 927 721 1011 laticum
738 927 891 1035 penitus
909 925 985 1009 fine
1007 955 1162 1012 munere
1183 931 1312 1032 Soles;

274 1095 377 1175 Cum
396 1091 525 1176 subito
546 1093 729 1194 Ananias,
757 1118 837 1201 quo
854 1121 931 1175 non
952 1089 1166 1179 servantiot
1179 1099 1279 1208 aequi

273 1259 390 1343 Tunc
407 1259 473 1342 illa
492 1259 586 1342 urbe
603 1259 691 1365 i'uit,
718 1285 791 1342 nec
806 1259 912 1340 coelo
933 1261 1081 1370 gratior
1098 1265 1209 1370 alter,

273 1423 450 1534 Hospitis
467 1425 617 1536 antiqui
634 1424 823 1533 penetrali
842 1425 882 1504 in
899 1422 988 1508 sede
1001 1428 1147 1538 jacenti
1394 1462 1426 1524 st

273 1591 505 1699 Improvisus
523 1588 642 1695 adest,
664 1591 768 1702 juffis
782 1588 1000 1674 coelestibus
1019 1597 1139 1700 attus,

273 1756 571 1866 Compellatque
588 1755 724 1862 virum,
743 1769 783 1844 δι
802 1757 934 1840 divino
950 1761 1116 1874 pignore
1128 1763 1269 1846 firmat.

275 1925 400 2029 Saule,
424 1922 515 2005 ades
533 1919 607 2005 huc
623 1923 774 2004 animo:
805 1923 877 2006 tibi
893 1926 1019 2008 amico
1034 1926 1084 2009 ab
1098 1929 1258 2014 numine
1277 1927 1373 2029 veni,

274 2091 447 2174 Luminis
466 2086 584 2172 amiffi
601 2087 770 2199 jucunda
787 2109 830 2172 ut
846 2089 932 2173 luce
952 2114 1107 2204 recepta

273 2257 450 2364 Desuper
467 2255 603 2338 affleris
617 2253 711 2337 coeli
729 2253 1065 2364 omnipotentibus
1081 2259 1193 2344 auris.
1383 2293 1430 2340 ιοο

273 2422 390 2510 Haud
410 2425 545 2538 ignota
564 2418 687 2504 audis:
717 2419 852 2502 endem
870 2419 962 2528 scio,
991 2452 1079 2508 nam
1101 2425 1221 2510 modo
1236 2429 1303 2537 qni
1320 2453 1380 2509 me

273 2596 365 2674 Huc
378 2590 514 2703 adigit,
542 2588 615 2672 tibi
632 2588 781 2671 detexit
795 2583 1027 2672 manifestius
1046 2591 1160 2674 idem.

273 2755 345 2838 111e
362 2775 451 2840 tuos
468 2758 584 2839 etiam
602 2752 694 2838 mihi
714 2780 834 2862 porto
851 2755 1020 2839 ostendit
1039 2755 1219 2864 honores,

273 2921 434 3033 Qnta
452 2941 526 3004 tuae
544 2921 673 3000 faveat
691 2919 782 3002 coeli
799 2918 1041 3033 indulgentia
1058 2920 1174 3028 laudi,

273 3089 406 3194 Qam
420 3089 574 3199 junctus
591 3082 764 3195 superum
786 3085 831 3170 fis
848 3088 945 3200 regi,
966 3114 1045 3197 prae
1060 3089 1239 3174 omnibus
1257 3119 1369 3212 unus
1385 3125 1425 3180 105

273 3252 459 3338 Deiectus
470 3254 564 3367 jam,
585 3253 653 3363 qui
668 3272 795 3335 totum
815 3279 916 3337 nova
934 3253 1037 3338 sacra
1054 3280 1124 3363 per
1138 3257 1273 3342 orbem

273 3420 461 3534 Divulges
481 3419 685 3504 verborum
705 3415 852 3528 opifex,
871 3418 1084 3506 uberrimus
1099 3421 1190 3505 oris.

272 3591 374 3702 Qae
392 3584 499 3669 furiis
518 3584 638 3670 modo
655 3585 838 3694 carpebas
854 3585 1020 3698 agitatus
1040 3585 1194 3698 iniquis,

270 3755 466 3840 Omnibus
484 3753 565 3836 haeo
582 3772 743 3861 propter
759 3769 874 3860 caput
890 3751 1088 3862 objectare
1106 3755 1255 3863 periclis

269 3921 387 4008 Haud
402 3947 552 4023 rennes,
576 3921 755 4029 ultroque
775 3914 912 4027 infigni
929 3919 1159 4004 occumbere
1177 3919 1298 4004 letho.
1384 3955 1431 4002 110

268 4091 364 4173 Haec
381 4085 491 4194 fatus,
511 4085 653 4198 liquida
671 4109 871 4170 accursum
890 4081 1065 4170 lustravit
1081 4085 1255 4192 inundo,

1314 4247 1431 4336 Unde
