3160 5198
354 303 538 383 Huntnt
576 321 638 380 ou
670 295 838 378 Reuus
874 295 1118 380 D1v1n1n
1271 329 1321 400 99

145 517 341 627 Corporis
355 515 508 601 exuvias
526 513 669 598 laceras
687 509 765 596 fine
783 511 935 598 honore
954 512 1199 624 relinquent:

143 683 354 796 Relliquiae
366 681 512 766 restant
531 678 709 786 ambesae,
725 679 890 790 ingloria
906 679 1023 793 figna.

222 853 322 967 Qae
341 852 478 961 pietas,
499 850 566 962 qui
585 869 715 934 tentus
731 873 843 936 antor
862 846 948 952 tibi,
976 848 1141 968 maxime
1159 877 1302 958 terum,

143 1013 213 1096 Ut
231 1017 338 1098 Deus
355 1011 491 1098 eterni
507 1011 659 1096 soboles
673 1032 819 1096 aeternn
834 1013 1007 1122 parentis

143 1178 253 1262 Tam
273 1178 401 1293 fragili
418 1177 640 1293 ingrediens
654 1179 757 1264 ultro
775 1207 849 1288 pro
868 1179 980 1294 fruge
995 1181 1161 1286 venires,

144 1347 280 1458 Atque
294 1344 445 1436 homini
462 1345 574 1430 fieres
590 1345 765 1456 repetitio
780 1346 920 1456 pabula
934 1347 1087 1456 menfis,

146 1504 204 1606 Et
220 1501 419 1589 matutinis
433 1503 551 1588 toties
564 1501 668 1592 sacre
682 1503 805 1596 hostia
824 1504 864 1598 in
881 1505 981 1591 aris?
1266 1545 1321 1608 ης

147 1669 242 1772 Hoc
257 1691 343 1764 enat
358 1670 420 1758 ille
434 1665 554 1776 sacer,
579 1671 645 1780 qui
661 1670 856 1784 quondam
873 1673 1051 1783 apparuit
1069 1701 1190 1786 ugnus

149 1835 378 1947 Suppofitus
397 1837 505 1948 pueri
522 1835 684 1930 insontis
701 1865 776 1947 pro
793 1837 898 1926 cede
915 1861 1062 1955 paratu.

148 2005 240 2088 Hoc
257 2025 344 2088 erat
358 2003 438 2108 ille,
457 2025 566 2100 vetus
582 2033 698 2116 quem
716 2033 812 2118 gens
829 2007 985 2117 epulata
1004 2013 1214 2120 quotannis

149 2171 368 2256 Mandebat
382 2171 469 2292 ritq
495 2199 539 2268 ac
554 2171 701 2274 solenni
720 2201 830 2258 more
845 2174 1039 2264 sacrorum

151 2339 250 2425 Cum
270 2339 449 2424 festinae
466 2339 611 2432 Cerere
626 2359 743 2452 atque
763 2341 974 2454 agrestibus
991 2341 1131 2431 herbis.
1268 2380 1325 2442 ²30

150 2507 347 2593 Festinata
364 2507 484 2590 Ceres
500 2526 542 2589 tu
560 2507 687 2610 nobis,
713 2525 757 2590 tu
774 2507 879 2592 mole
894 2507 1050 2614 adorea,

150 2677 303 2786 Perque
321 2677 441 2785 pinni,
468 2695 513 2756 tu
528 2672 606 2763 liba
623 2673 748 2756 sacros
762 2672 958 2758 leffiffima
978 2677 1018 2760 in
1036 2675 1135 2782 usus,

149 2840 265 2947 Liba,
291 2842 428 2952 quibus
447 2839 541 2929 nulli
557 2836 614 2924 fas
630 2840 825 2950 quondam
845 2839 997 2924 assueffe
1015 2839 1193 2952 profano.

150 3015 241 3094 Hoc
258 3029 345 3092 erat
362 3007 429 3094 illa
446 3012 565 3096 atavis
580 3007 732 3094 deserta
750 3035 819 3118 per¹
836 3009 938 3092 invia
957 3009 1094 3096 nostris

149 3175 332 3260 Protinus
347 3203 371 3258 e
387 3175 493 3260 coelo
512 3176 670 3261 veniens
685 3176 898 3262 errantibus
916 3177 1013 3262 esca.
1269 3204 1323 3272 ²35

150 3343 280 3452 Copia
299 3343 353 3426 nil
372 3340 473 3426 aliud
490 3341 600 3424 tosto
616 3361 726 3426 tanta
743 3342 805 3426 illu
823 3344 989 3431 volucris

148 3511 330 3622 Desuper
345 3508 540 3597 insolitum
557 3507 735 3599 nidorem
753 3507 971 3597 halantibus
988 3509 1106 3594 antiss

147 3676 222 3762 Nil
239 3675 341 3762 uliud
358 3702 420 3759 ros
437 3699 642 3772 concretus
660 3675 916 3784 portenderat
931 3675 998 3760 ille

147 3842 301 3948 Dulcis,
328 3852 369 3928 &
386 3863 547 3952 optatus
559 3843 730 3928 referens
744 3844 883 3954 cuique
900 3867 971 3924 ore
988 3836 1153 3949 sapores.

147 4007 551 4100 vescimuehocvere
571 4039 675 4100 nunc
693 4010 786 4096 coeli
801 4035 891 4092 rore
906 4009 1042 4121 iugata
1272 4043 1328 4102 240

147 4177 269 4264 Nube
287 4175 442 4288 palanu
468 4203 581 4268 veros
598 4205 699 4266 nunc
717 4175 787 4264 ista
804 4201 827 4261 e
846 4196 959 4262 caute
977 4173 1147 4284 liquores

864 4345 908 4430 N
937 4375 959 4424 2
1222 4341 1330 4419 Hau-
