3168 5190
370 265 556 361 Huuur
588 301 649 362 nr
683 272 851 372 Rruus
885 294 1124 392 Drvrurs.
1248 331 1324 422 263

161 483 238 572 Hae
252 483 324 568 tibi
339 509 452 580 erant
471 513 588 600 artes,
612 499 746 607 primae
767 503 850 592 haec
866 519 1097 602 commercia
1115 521 1215 610 vitae.
1292 565 1325 628 n

162 653 233 738 Ast
253 653 317 736 ubi
333 681 444 740 verus
462 685 573 746 amor
589 665 699 751 coelo
717 685 759 752 te
774 673 878 784 cepit
895 677 944 760 ab
959 681 1055 788 alto,

163 819 321 930 Corque
339 822 411 906 tibi
426 827 677 938 omnipotens
694 833 876 924 divinitus
893 844 1028 956 attigit
1045 877 1138 938 aura

163 984 228 1069 Ad
243 987 359 1072 miras
377 989 477 1075 vatis
493 1018 607 1078 voces
630 1009 672 1084 nt
688 1002 806 1088 verba
822 1005 1030 1120 loquentis,

163 1151 368 1236 Continuo
384 1157 480 1241 totis
496 1177 585 1245 tota
599 1190 641 1248 es
657 1165 823 1252 resoluta
841 1173 1031 1286 medullis,

161 1319 215 1400 Et
234 1317 307 1402 tibi
322 1319 492 1428 delicuit,
515 1327 657 1441 glacies
673 1359 756 1440 ceu,
775 1338 922 1424 mobile
940 1347 1087 1453 pellus.
1287 1389 1342 1462 a·¹

162 1490 295 1596 Atque
310 1487 376 1570 ubi
392 1488 538 1575 sublata
552 1495 609 1580 est
623 1499 755 1607 oculis,
774 1529 859 1614 quae
877 1506 1038 1615 plurima
1054 1518 1178 1606 nubes

160 1653 226 1736 Te
240 1654 381 1738 circum
401 1657 680 1773 caligabatque,
707 1667 904 1781 aciemque
922 1683 1140 1794 premebat,

160 1821 230 1922 Ne
248 1819 340 1903 coeli
356 1821 482 1931 quires
494 1827 707 1938 jucundum
725 1859 883 1920 cernere
900 1840 1044 1953 lumen,

161 1987 264 2100 Qae
278 1984 395 2071 facies
412 1963 539 2076 rerum
555 1992 764 2108 horribilis,
780 2028 865 2113 quae
881 2010 1008 2095 nullis
1024 2011 1155 2130 imago
1170 2019 1228 2106 el't

160 2149 252 2238 Visa
269 2151 363 2240 tibi!
388 2182 552 2268 quantus
568 2161 792 2274 tibipettus
808 2172 972 2280 perculit
992 2175 1155 2272 horror!
1287 2225 1322 2289 ις

159 2315 296 2404 Vidisti
313 2319 429 2406 fueris
452 2351 566 2436 quam
584 2347 691 2413 tetro
707 2333 879 2421 obnoxia
897 2344 1091 2434 monsttoz

159 2482 297 2570 Vidisti
313 2490 449 2599 quibus
463 2490 502 2573 in
519 2493 704 2604 tenebris,
731 2503 956 2617 quantisque
972 2513 1122 2618 periclis

160 2649 383 2758 Eupolitam
399 2679 515 2740 oertae
531 2663 650 2746 morti
667 2683 708 2746 te
721 2667 860 2777 sponte
874 2671 1036 2764 ferebas.

159 2815 243 2902 Ah!
262 2777 567 2909 nimiuml'ecura
582 2829 690 2935 mali,
713 2828 845 2920 secura
859 2805 1010 2947 pericli,

158 2985 219 3070 Ni
235 2987 307 3070 tibi
324 2987 461 3072 dexter
475 3019 592 3102 opem
611 2996 745 3106 supera
763 3001 870 3086 Deus
887 3031 976 3093 arce
995 3011 1148 3100 tuliffet.
1284 3058 1325 3122 a·

160 3158 220 3238 Ac
234 3153 352 3242 veluti
370 3156 497 3272 pelagi
514 3158 555 3242 in
573 3163 705 3252 medio
721 3172 980 3279 pugnantibus
995 3179 1125 3267 austris

159 3319 287 3432 Siquis
301 3319 420 3428 forte,
446 3325 556 3437 gravi
573 3328 642 3439 qui
659 3331 808 3421 vinnius
823 3341 999 3427 membra
1016 3345 1157 3460 sopore

157 3484 230 3574 Nil
247 3483 376 3598 senlit,
401 3488 494 3576 dum
511 3489 620 3577 saevit
638 3493 784 3606 hyems,
811 3529 903 3588 mou
920 3505 1097 3599 lluffibus
1114 3519 1224 3605 astus

157 3657 207 3736 ln
226 3637 376 3766 liceum,
398 3659 537 3742 somno
555 3663 700 3747 excitus
715 3690 864 3776 quanto
881 3697 1038 3786 aequora
1054 3703 1168 3768 motu

156 3816 388 3906 Turbentur
401 3823 543 3931 videat,
560 3849 723 3939 quantas
740 3836 902 3920 evaserit
917 3840 1053 3949 undas,

158 3985 378 4100 Syrtesqne,
400 3987 709 4105 scopulosque&
724 3999 945 4120 navifragos
964 4011 1143 4122 Euripos,

156 4155 349 4264 Hermas,
370 4165 412 4244 &
431 4177 557 4246 tutum
575 4162 638 4254 vix
655 4161 733 4251 sese
750 4167 794 4254 in
808 4167 942 4258 littore
958 4177 1104 4266 credat.

1260 4353 1326 4448 Sic
