3180 5184
265 277 318 354 42
489 251 668 328 Mnncr
708 245 1033 328 Hrsnonunrr
1074 247 1217 334 Vruu

262 471 371 552 Fons
386 461 489 569 vitae,
515 460 607 545 fons
624 461 717 546 lucis
730 481 817 544 erat
833 460 1061 546 mortalibus
1075 461 1205 578 aegris:

261 637 348 716 Lux
365 657 412 714 ea
431 627 497 712 sed
515 629 685 712 tenebris
700 628 829 739 primo
843 627 1018 714 radiabat
1032 627 1075 710 in
1090 628 1191 740 altis,

260 803 352 884 Nec
367 797 508 882 claram
524 822 633 882 caecae
646 796 770 880 lucern
787 821 981 908 agnovere
997 795 1182 883 tenebtae.

259 973 349 1051 Huc
366 966 492 1050 miffus
509 983 633 1071 vates,
660 963 781 1047 lucent
800 963 867 1074 qui
882 959 1069 1072 proderet
1088 965 1229 1048 nlnttm

258 1133 468 1240 Gentibus,
489 1141 529 1218 δι
546 1132 658 1244 largo
672 1131 846 1215 lustraret
863 1129 1007 1214 lumine
1025 1131 1226 1238 mundum,

258 1301 517 1412 Veridicoque
536 1297 650 1384 rudes
668 1296 902 1407 praenuntius
914 1315 990 1380 ‘ore
1007 1317 1206 1398 moneret;
1397 1335 1431 1396 ις

256 1475 355 1558 Non
375 1471 437 1552 lux
455 1463 535 1578 ipse
550 1465 722 1577 quidem,
750 1463 818 1548 sed
834 1465 934 1548 tanti
954 1465 1105 1550 luminis
1121 1463 1250 1550 index.

256 1642 341 1722 Lux
358 1654 442 1720 erat
460 1634 524 1718 ille
542 1653 685 1740 autern,
712 1633 778 1742 qui
794 1631 925 1742 primo
939 1632 1083 1718 lumine
1097 1631 1248 1744 semper

256 1806 432 1918 Affulget
448 1803 590 1912 primas
606 1798 740 1883 mundi
756 1797 1062 1912 ingredientibus
1080 1826 1183 1885 oras.

253 1977 353 2060 Non
369 1971 503 2056 aberat
518 1963 665 2050 mundo
679 1965 812 2052 mundi
825 1965 1051 2075 fabricator,
1070 1985 1113 2050 at
1129 1965 1252 2078 ipsum

254 2142 466 2226 Auctorem
486 2133 589 2220 haud
607 2135 768 2247 agnovit
787 2161 900 2244 opus,
927 2130 995 2218 sed
1013 2134 1051 2217 ei
1067 2132 1219 2217 obstitit
1235 2133 1363 2239 orbis;
1391 2171 1431 2217 so

251 2313 378 2419 Inque
396 2301 460 2389 sua
479 2301 754 2386 advenientem
773 2300 843 2385 alii·
856 2299 1065 2406 exclusere,
1092 2329 1219 2416 neque
1237 2303 1346 2390 illurn
1401 2319 1403 2324 '
1427 2333 1433 2420 ζ

241 2473 457 2560 ἸΑάιηίἷεηε
475 2469 551 2555 sui:
581 2467 648 2552 sed
664 2489 864 2583 quotquot
877 2468 961 2554 luce
978 2487 1140 2578 recepta

250 2643 465 2750 Accepere,
491 2639 564 2784 piis
581 2660 664 2722 tum
682 2637 851 2748 primunt
866 2636 998 2721 oblata
1017 2627 1191 2756 fucultar,

249 2813 304 2892 Et
322 2805 533 2889 monstrata
551 2805 613 2889 via
626 2803 696 2905 est,
723 2831 800 2914 qua
815 2805 908 2888 coeli
924 2783 1077 2926 surgere
1096 2805 1147 2890 ad
1161 2831 1270 2892 suras

133 2991 137 3000 ⁴
249 2966 419 3077 inirent,
445 2969 562 3080 seque
580 2972 672 3050 Deo
688 2995 759 3052 ceu
775 2971 942 3081 pignora
953 2972 1118 3085 jungere
1133 2997 1255 3078 estes
1325 3023 1328 3028 ,
1386 3009 1424 3071 ις

248 3139 417 3224 Lustrsti
434 3137 552 3240 uelut,
578 3153 697 3246 atque
716 3135 857 3218 iterum
875 3136 1060 3226 divinitus
1079 3141 1170 3226 orti.

248 3310 357 3391 Nam
371 3303 529 3390 verbum
548 3301 800 3411 omnipotens
814 3304 935 3418 (agite
951 3305 1013 3392 hic
1031 3307 1211 3422 affurgite
1224 3304 1339 3394 dietis

245 3471 439 3560 Mortales
453 3469 628 3554 uenerati
644 3467 794 3580 animis)
811 3471 985 3556 mirabile
1000 3473 1159 3561 verbum

245 3633 447 3746 Dilapsurn
466 3640 574 3722 coelo
589 3635 843 3722 moribundos
862 3639 986 3726 induit
1004 3659 1123 3748 artus,

244 3805 385 3893 Faetus
403 3803 527 3888 homo
548 3807 672 3910 Deus,
700 3815 741 3890 δι
759 3805 898 3892 nostris
914 3806 1103 3894 habitavit
1119 3808 1161 3892 in
1177 3807 1270 3914 oris,
1380 3847 1423 3907 ,ο

244 3970 368 4054 Unde
382 3967 480 4054 folus
496 3969 621 4054 omnis
635 3971 747 4056 nobis
763 3971 820 4056 eli
834 3989 925 4058 orta
942 3973 1110 4086 sepultis.

241 4139 427 4222 Tantane
444 4157 485 4221 te
500 4135 624 4249 pietas
639 4136 888 4228 miserantem
902 4137 1151 4230 incommoda
1167 4135 1312 4248 nostra,

1303 4303 1416 4390 Tan·
