3180 5184
201 243 250 309 ιο
415 217 599 298 Muci
636 217 971 296 Hrnottim
1009 193 1150 299 vm

197 427 386 544 Qamvis
404 427 495 512 hinc
512 427 634 542 longo
653 431 792 516 suimus
811 431 898 538 post
918 452 1098 541 tempore
1116 431 1226 517 creti.
1310 465 1368 530 ιρι

195 596 363 682 Proinde
381 621 513 707 preces
532 623 616 680 cum
635 597 708 682 stat
724 597 838 682 nobis
855 597 925 680 tibi
944 595 1122 703 fundere,
1146 597 1337 709 laudesve,

195 769 302 849 Ante
319 762 441 868 audis,
467 789 581 874 quam
598 762 672 846 fint
687 785 887 874 conceptae
905 765 945 848 in
962 769 1123 875 pectore
1141 767 1288 874 nostro,

193 935 247 1014 Et
264 927 469 1019 benefacta
486 927 703 1037 hominum,
731 942 771 1016 δε
787 929 984 1015 commissa
1001 931 1151 1041 piacula
1166 937 1282 1040 nosti,

195 1099 299 1180 Ante
315 1096 491 1184 homines
509 1095 592 1181 dias
607 1098 764 1182 veniant
782 1123 894 1208 quam
913 1095 1005 1180 lucis
1021 1099 1062 1181 in
1077 1123 1176 1186 oras.

192 1266 339 1349 Omnia
359 1264 440 1370 scis,
467 1265 661 1350 &cundia
677 1262 803 1362 vides;
832 1261 902 1346 tibi
920 1260 1061 1346 lumina
1079 1265 1196 1371 mille,
1306 1303 1361 1366 ¹95

190 1430 301 1516 Mille
318 1432 441 1535 acics;
467 1453 509 1514 at
527 1455 645 1539 parva
660 1429 819 1541 loquor:
849 1446 890 1512 tu
907 1427 1051 1512 lumina
1071 1450 1189 1537 totus,

189 1598 319 1682 Totus
337 1611 378 1684 &
396 1595 477 1708 ipse
495 1595 608 1700 acies,
636 1595 926 1706 necquicquam
945 1612 986 1676 te
1004 1595 1100 1678 latet
1119 1597 1275 1707 hoium,

190 1766 292 1877 Qae
310 1764 410 1871 sunt,
431 1789 517 1876 quae
532 1763 703 1866 fuerunt,
724 1785 811 1870 quae
828 1758 915 1843 sero
933 1759 1075 1846 deinde
1092 1761 1234 1850 fututa.

187 1935 277 2016 Nec
296 1931 366 2014 tibi
384 1957 481 2041 opus
502 1931 586 2025 luce
602 1927 651 2012 ad
669 1923 811 2032 visum,'
827 1953 953 2038 neque
971 1927 1137 2014 lumine:
1168 1951 1211 2017 tu
1226 1935 1291 2022 lux

186 2097 274 2209 Ipse
294 2097 379 2202 tibi,
407 2119 449 2180 tu
466 2097 606 2181 cuncta
624 2093 808 2178 illustrans
826 2092 971 2178 lumina
989 2093 1132 2180 lumen.
1299 2141 1357 2186 ιο.

185 2273 238 2350 Et
252 2266 422 2350 latebras
436 2283 609 2376 quaetant
628 2259 812 2345 mortales
830 2261 1005 2368 turpibus
1023 2263 1129 2368 orsis,

184 2435 275 2517 Nec
291 2451 467 2518 metuant
484 2429 617 2514 oculos
635 2427 829 2513 incurrere
845 2429 986 2513 cuncta
1000 2427 1190 2516 videntis?

183 2601 282 2684 Non
299 2598 455 2712 usquam
471 2597 577 2682 locus
593 2597 702 2702 ullus,
730 2595 797 2679 ubi
813 2624 894 2678 non
910 2595 991 2704 ipse
1010 2597 1194 2708 quiescas,

182 2765 378 2850 Omnibus
393 2766 510 2873 inque
526 2765 619 2846 locis
637 2761 728 2846 ades
747 2760 855 2842 omni
873 2781 1051 2870 tempore
1066 2763 1231 2872 ptaesens

181 2929 342 3040 Diditqs
361 2931 401 3010 in
422 2947 549 3035 partes
565 2953 702 3008 omnes
712 2969 725 3024 3
751 2943 882 3008 tamen
899 2930 1027 3012 omnis
1043 2929 1185 3042 ubique
1294 2965 1349 3024 205

180 3101 342 3206 Integet
362 3093 477 3204 usque
495 3117 641 3199 manes,
657 3119 729 3176 nec
749 3113 790 3175 te
804 3093 914 3204 regio
933 3093 1008 3178 ulla
1023 3096 1268 3207 prehensum,

180 3259 460 3352 Conclusumve
479 3258 635 3369 usquam
658 3259 845 3346 cohibent
864 3259 968 3346 loca:
998 3261 1099 3345 liber
1114 3265 1257 3378 ubique

176 3426 379 3534 Funderis‚
404 3447 519 3538 atque
536 3446 645 3512 extra
665 3427 787 3512 nullus
804 3447 845 3509 te
865 3427 1049 3510 terminus
1065 3451 1184 3514 arcet.

175 3601 228 3683 Et
241 3593 374 3705 siquid,
386 3595 547 3678 mundus
559 3595 666 3708 quod
679 3623 760 3679 non
774 3595 917 3678 circum
933 3595 1089 3702 ambiat,
1104 3595 1263 3710 usquam
1277 3599 1347 3705 est,

173 3763 221 3845 Id
241 3763 336 3845 nihil
354 3761 493 3858 estitist
514 3782 569 3864 tu,
597 3783 736 3874 tutique
752 3757 856 3842 haud
872 3759 981 3844 finita
997 3761 1178 3869 potestas.
1289 3795 1347 3842 2¹0

173 3931 269 4012 Non
290 3932 402 4017 oneri
421 3945 551 4024 tamen
567 3954 608 4011 es
626 3929 751 4032 rebus,
772 3924 908 4035 quibus
923 3927 1053 4010 insitus
1069 3927 1214 4028 haetes;

170 4093 258 4208 lpse
276 4093 341 4181 sed
359 4122 400 4178 es
418 4093 572 4178 tibimet
591 4093 698 4180 sedes
716 4089 925 4206 gratiffima
938 4093 1091 4208 ubique.
1189 4145 1191 4150 ·
1291 4177 1295 4188 ,

1292 4271 1342 4347 In
