3160 5198
350 289 533 372 Hruur
571 307 634 368 ur
669 284 838 369 Ruris
875 263 1113 369 Drvrur‘e.
1243 297 1318 384 rer

148 505 338 592 Forsrram
357 504 421 587 hic
439 505 549 586 lento
565 497 702 612 templi
720 527 878 614 quoque
895 501 1082 610 plurimus
1100 527 1199 588 auro
1283 535 1319 584 r·

147 675 332 784 Fuigeret
350 670 499 773 tholus,
524 678 564 752 &
583 665 683 780 rigui
701 668 813 777 plebs
827 668 916 752 laeta
929 669 1100 784 Tiuerrgi

147 841 269 924 Dives
287 859 327 922 te
342 837 482 950 dignos
495 835 570 918 aris
588 829 750 917 inferret
769 833 952 922 horrores.

147 1005 219 1089 Illa
234 1009 366 1090 Deum
385 1021 425 1086 te
444 1001 531 1110 post
546 1027 662 1084 unum
677 1021 899 1106 veneratur,
921 1012 962 1087 ετ
979 1026 1140 1086 omnem

147 1177 195 1254 In
214 1189 258 1253 te
276 1171 382 1281 spem
401 1171 532 1270 lucat;
557 1168 700 1252 iterum
718 1185 763 1252 tu
780 1169 881 1280 saepe
896 1169 1127 1264 Torrentem

146 1338 346 1422 'Concilias
365 1336 492 1439 nobis,
519 1345 559 1418 ur
574 1333 683 1445 justae
702 1353 743 1416 te
755 1333 895 1448 objicis
912 1335 991 1424 irae.
1281 1363 1316 1427 ις

150 1503 478 1615 Qandoquiderrr
498 1501 596 1584 nihil
612 1501 864 1610 omnipotens
882 1529 964 1586 non
979 1501 1117 1590 anuuit
1131 1501 1236 1588 ultro

150 1671 367 1756 Devinuur
381 1670 468 1777 tibi,
490 1669 545 1752 nii
562 1669 688 1754 veteri
703 1695 785 1752 nou
801 1665 926 1752 donat
945 1671 1090 1754 amori:

148 1839 327 1949 Qaeque
347 1837 440 1924 olim
458 1839 499 1919 irr
516 1836 628 1918 terris
645 1833 774 1920 firerrr
791 1837 863 1922 ribi
881 1836 1008 1950 gratia
1024 1839 1127 1947 vivo,

151 1971 247 2087 Haec
266 2003 401 2086 eadem
422 2025 460 2088 te
473 2002 724 2113 consequitur
743 2002 836 2088 coeli
852 2029 941 2088 arce
959 2027 1174 2118 receptum,

150 2169 443 2281 Coelestumque
459 2167 600 2252 chor-or
617 2170 719 2254 inter
735 2171 952 2282 speuabilis
969 2199 1107 2258 omnes
1276 2206 1319 2252 r·

151 2337 303 2420 lucedis
319 2335 377 2418 bis
398 2337 460 2420 sex
476 2363 681 2446 procerum
699 2367 781 2422 nun
799 2339 954 2422 nitimur
970 2367 1083 2449 unus,

150 2507 262 2618 Qus
277 2507 384 2585 Deur
402 2502 588 2586 humanos
606 2503 762 2588 indutus
777 2505 949 2614 corporis
968 2525 1073 2592 artus

152 2670 351 2781 subjunxit
368 2669 435 2752 srbi
452 2668 626 2752 derectos
644 2697 692 2754 ex
710 2670 889 2754 omnibus
907 2699 1018 2776 unos,

152 2839 345 2950 Retirqrre
369 2849 409 2922 &
426 2835 600 2946 pisces&
619 2835 778 2924 flumina
796 2837 971 2948 linquere
983 2837 1099 2948 juffit.

151 3006 357 3087 Fortunati
372 3017 527 3088 omues!
556 3002 664 3086 vobis
681 3029 756 3112 pro
774 3001 919 3091 retibus
940 3001 1140 3121 hamisque
1281 3042 1318 3108 ις

152 3169 352 3256 AEtbereus
368 3169 479 3282 vigor
494 3169 552 3252 est
568 3169 693 3252 ruenti
703 3168 889 3256 divinitus
906 3171 995 3256 ultae

153 3335 330 3442 Additus,
348 3337 454 3421 unde
475 3337 620 3422 animas
637 3335 839 3428 hominum
855 3363 932 3447 pro
948 3338 1112 3448 piscibus
1130 3341 1229 3456 ipsrrr
1296 3395 1301 3412 ·

150 3503 295 3592 Venari
310 3503 438 3612 datur,
459 3503 697 3614 &superum
712 3503 951 3616 conjungere
966 3504 1064 3618 regi,

152 3667 214 3754 Ad
234 3667 469 3782 superosque
484 3669 635 3779 aperire
653 3670 754 3754 viam
769 3671 997 3762 mortalibus
1015 3671 1141 3788 aegrir.

151 3833 307 3921 Pisuofir
326 3863 400 3947 pro
421 3835 652 3940 fluminibus,
678 3861 751 3944 pro
768 3833 946 3924 flustibur
966 3839 1036 3924 riri
1284 3885 1324 3946 ς.

151 4003 344 4114 AEqrroris,
370 4001 531 4086 aetherei
548 4000 659 4086 vobis
673 4000 765 4086 datr
780 4005 887 4118 regia
901 4007 1007 4116 coeii,

148 4175 370 4262 ventorum
385 4169 507 4256 flabra
522 4169 625 4256 unde
642 4169 781 4256 rbsuut
799 4169 986 4282 riokuu,
1008 4173 1176 4264 mur·

1201 4337 1320 4426 Teur-
1343 4405 1345 4408 -
