3160 5198
256 301 334 376 ¹54
471 278 647 354 Manet
688 273 1018 354 Hrrronrnr
1056 279 1196 362 Vina

250 489 396 596 Alium,
418 487 560 574 deinde
579 488 694 570 alium
711 485 875 572 instituit
895 491 934 571 in
952 491 1089 598 secula,

249 656 398 742 Eadem
417 679 460 740 ut
475 655 668 764 potestate
687 649 834 764 pariter
852 657 1118 765 prae'cellerent
1385 691 1417 757 σς

248 825 351 910 Sella
368 823 545 908 sedentes
564 826 603 908 in
623 845 704 926 tua,
730 821 946 936 eodemque
963 823 1073 930 solio,

248 993 479 1078 Consirltutn
496 1013 540 1074 ut
555 993 756 1076 hominum
775 993 910 1102 generi
930 993 984 1076 ita
1002 993 1185 1106 deinceps
1205 995 1325 1102 foret,

247 1165 401 1250 Omnes
419 1182 464 1246 ut
480 1187 598 1246 unum
616 1159 872 1273 agnoscerent
894 1161 997 1243 ultro
1014 1185 1146 1270 caput.

246 1326 519 1432 Periculosum,
547 1327 652 1411 forte
671 1327 795 1438 siquis
813 1325 968 1434 dixerit,

246 1495 426 1580 Tandem
443 1497 525 1580 haec
541 1495 713 1605 potestas
731 1523 780 1578 ne
800 1497 839 1578 in
856 1494 1076 1604 potentiam
1093 1520 1220 1602 exeat,
1383 1531 1419 1586 70

245 1670 478 1774 Merumque
496 1691 659 1776 regnum
678 1663 846 1745 hominis
865 1662 980 1745 soluti
1000 1663 1148 1776 iegibus

244 1829 440 1913 Latiffime
457 1831 610 1942 patenti
632 1829 732 1914 adeo
749 1829 927 1914 licentia:

244 1999 347 2103 Tua,
373 2003 501 2103 Petre,
525 1999 657 2083 cautio
676 1997 758 2082 haec
770 2043 781 2098 ;
816 2019 924 2081 tuum
942 1997 998 2080 est
1018 1996 1237 2082 succurrere

245 2167 370 2276 Gregi
390 2184 463 2248 tuo
477 2166 585 2272 olim,
606 2193 654 2247 ne
671 2191 840 2276 unquam
861 2165 901 2248 id
919 2165 956 2247 ei
976 2165 1065 2248 mali
1082 2163 1242 2248 accidat.

242 2337 295 2416 Es
314 2334 378 2415 ubi
397 2336 526 2418 caveri
542 2332 581 2416 id
598 2333 723 2440 detur,
751 2359 792 2416 es
812 2333 915 2442 apud
935 2359 1050 2444 quem
1067 2333 1201 2416 omnia
1221 2346 1224 2364 ¹
1381 2371 1414 2428 ις

242 2504 372 2584 Orare
388 2501 517 2612 possis,
543 2501 735 2611 facileque
754 2500 847 2584 istuc'
863 2501 1019 2610 assequi.

243 2671 392 2784 Qare‚
415 2669 519 2780 quod
540 2668 744 2752 homirnum
764 2669 911 2782 legibus
928 2667 1012 2751 fieri
1030 2669 1086 2750 est
1106 2671 1228 2774 nefas,

242 2840 389 2922 Saltem
408 2835 633 2945 impetrato,
656 2839 708 2919 ita
728 2830 823 2944 ipse,
844 2834 910 2945 qui
928 2831 1026 2918 solos
1044 2837 1188 2946 potest,

242 3003 387 3087 Tantae
405 3003 585 3114 potestati
605 3001 765 3086 modum
784 3003 923 3085 statuat
943 3005 1065 3109 Deus,

242 3171 374 3256 Nobis
392 3169 572 3282 utusque
592 3167 717 3278 praefit
735 3171 905 3282 optimus
922 3191 1048 3278 pater,

242 3341 392 3430 Pietate
411 3337 560 3422 tanaus
581 3364 622 3420 re
640 3340 762 3450 magis
780 3367 893 3448 quom
916 3338 1089 3444 nornine,

242 3507 366 3591 Castis
382 3505 502 3588 initiis
516 3507 581 3616 qui
598 3503 647 3588 ad
669 3503 839 3589 honores
856 3506 1031 3616 repserit,

240 3681 339 3765 Non
358 3671 572 3782 imperandi
590 3671 762 3780 cupidos,
791 3697 858 3758 aut
875 3674 1006 3758 srtiens
1024 3701 1164 3784 opum:

241 3843 322 3957 Qi
334 3869 421 3952 ¹non
436 3865 529 3923 oves
546 3835 712 3944 deserat,
740 3839 805 3924 nbi
823 3843 953 3952 lupum
970 3839 1174 3950 aspexerit,

239 4004 526 4114 Eviscerandas,
551 4004 644 4089 durn
661 4008 777 4092 tirnet
796 4007 911 4090 rebus
929 4005 1015 4110 suis,

239 4183 301 4264 Ut
320 4175 424 4264 cavit
443 4177 537 4262 olim
553 4173 676 4286 pastor
700 4170 873 4260 omniurn
891 4174 1073 4285 optimus.
