3168 5190
217 217 297 294 εει
434 205 619 294 Miner
656 203 984 292 Hrtxoitrur
1023 210 1164 296 Vina

219 421 364 506 Verum
382 415 490 502 illum
508 415 576 504 fibi
591 417 785 526 concilies,
805 419 867 506 cui
885 416 1073 536 sanguine
1090 421 1192 536 fuso,

290 583 366 668 Cui
380 581 486 671 fimnl
503 605 649 670 eterna
664 585 890 700 virginitate
906 586 1049 698 placer.

219 753 382 838 Numen
400 773 445 836 ut
464 751 561 837 illius
576 752 618 836 in
634 771 762 838 morte
777 753 998 864 experiatur
1015 758 1195 867 amieum,

288 917 393 1004 Illius
409 920 525 1031 inque
543 919 616 1030 piis
633 917 678 1003 lit
690 922 773 1032 pius
788 919 907 1034 usque
920 919 1060 1007 eboris.
1363 963 1415 1010 r·

223 1197 624 1368 DlVAE
704 1199 1402 1365 PELAGIAE
1553 1197 1554 1212 Ν

538 1474 1075 1606 VIR'GINI.

235 1759 508 2126 TU
530 1784 685 1872 quoque
699 1697 942 1880 carminibui,¹
957 1757 1110 1872 Pelage,
1122 1757 1399 1844 memorabere

643 1931 796 2038 nostris,

490 2109 609 2188 Parva
621 2104 717 2189 mein
730 2107 790 2190 cui
809 2104 907 2191 flore
919 2103 1026 2190 balat
1041 2107 1301 2218 penetralibus
1315 2132 1399 2212 nra,

227 2270 345 2377 Dira,
367 2271 462 2356 olim
476 2271 680 2357 Armenias
697 2269 801 2356 inter
815 2271 1064 2358 celeberrima
1081 2273 1284 2384 nymphas,

228 2443 310 2524 Fax
328 2440 530 2552 juvenum:
561 2465 687 2552 neque
702 2440 805 2522 enim
821 2439 960 2522 melior
974 2441 1047 2526 fuit
1066 2443 1187 2528 altera
1204 2437 1347 2544 forma,

231 2609 461 2718 Ornatuque
477 2605 597 2716 prior,
619 2605 781 2718 greffum
799 2629 1024 2718 quacunque
1041 2601 1207 2711 ferebas,
1377 2639 1394 2696 a

232 2771 419 2856 Antiochi
434 2772 603 2856 mediam
620 2774 721 2882 pube
736 2773 901 2882 stipan'te
917 2799 988 2884 per
1002 2774 1150 2878 urbem,

232 2939 514 3023 Gemmiferum
529 2961 648 3050 caput
663 2939 859 3045 attollens,
878 2967 1048 3052 auroque
1063 2940 1249 3044 relucem,

232 3107 318 3189 Ore
340 3103 533 3216 oculisque
550 3107 654 3189 faces
665 3106 853 3217 jadiabas,
874 3103 976 3188 unde
994 3107 1175 3216 juventus
1263 3177 1269 3190 .

233 3269 382 3357 Pestem
397 3273 533 3358 animis
546 3275 643 3356 male
658 3291 785 3376 cauta,
806 3297 1009 3400 aeremque
1028 3268 1186 3354 bibebat
1202 3287 1377 3350 amorem
1388 3303 1403 3358 ς

232 3441 287 3520 Et
306 3434 376 3520 tibi
391 3437 502 3524 ludus
518 3461 604 3526 erat
622 3437 782 3548 cupidos
800 3435 1031 3548 suspendere
1050 3453 1240 3538 amantes,
1364 3462 1403 3505 ιο

87 3663 91 3672 .
235 3606 296 3687 Ac
312 3623 495 3718 torquere
510 3606 596 3693 din:
624 3605 771 3692 foribus
789 3605 860 3687 tibi
875 3600 1041 3715 pendula
1056 3599 1158 3685 serta

236 3773 398 3882 Semper
414 3797 539 3884 erant,
562 3774 838 3887 querulumque
857 3769 1024 3856 iterabat
1034 3769 1149 3881 janua
1165 3787 1346 3848 carmen:

236 3937 328 4023 Nec
343 3957 409 4026 tua
425 3961 537 4026 erant
557 3941 681 4027 stratis
698 3939 776 4022 fine
791 3938 925 4022 iimina
942 3917 1157 4020 amantibus
1171 3955 1355 4041 unquam,
1411 3987 1415 3992 -

240 4103 343 4212 Qae
356 4106 501 4193 miseris
515 4109 653 4194 durum
671 4104 898 4219 prabebant
915 4103 1034 4188 noete
1050 4099 1190 4186 cubile.

1335 4263 1407 4346 He
