3168 5190
246 271 323 346 268
470 266 649 342 Mancr
688 265 1011 346 Hruuouuur
1049 267 1187 350 Vrnn

245 477 512 586 Ampledlens,
538 480 598 560 cui
617 476 768 562 divinos
786 499 920 589 tegere
937 479 1085 593 obtigit
1099 501 1220 592 attus,
1360 523 1414 602 ua

246 647 389 729 Donec
403 643 452 772 ad
470 643 652 728 aethereas
671 645 857 728 redivivus
875 647 1045 756 surgeret
1060 642 1178 736 auras.

245 811 351 896 Tum
369 811 481 923 srquis
499 811 592 894 mihi
610 809 862 916 demonstret,
890 840 970 922 quo
988 813 1146 922 pulvere
1165 815 1270 899 fusus

244 979 412 1064 Divinus
425 1005 552 1087 cruor,
579 1007 650 1066 ore
668 977 808 1090 legam,
836 1000 1023 1090 terraeque
1041 981 1167 1066 beatae

247 1145 393 1254 Saepius
410 1171 591 1230 accurvus
613 1173 804 1256 nunquam
820 1145 907 1230 satis
924 1145 1050 1229 oscula
1069 1147 1197 1260 figam.

246 1313 308 1394 O!
330 1309 462 1394 saltem
480 1310 520 1418 fi,
535 1339 623 1395 cum
643 1311 737 1408 mihi
752 1315 902 1397 venerit
918 1313 1074 1396 ultimus
1092 1319 1164 1402 aevi
1358 1354 1409 1438 ¹3¹.

244 1477 366 1580 Finis,
388 1479 442 1560 ibi
459 1478 560 1562 fessae
576 1478 669 1565 vitai
684 1478 843 1564 claustra
861 1480 1081 1592 relinquens

245 1640 421 1728 Senfibus
439 1665 629 1728 extremas
649 1671 758 1729 auras
771 1644 1002 1757 fugientibus
1022 1647 1206 1756 hauriam,

244 1813 355 1923 Qas
374 1811 543 1896 moriens
562 1809 678 1898 heros
697 1811 824 1922 polito
839 1813 965 1927 capite
980 1815 1181 1924 expiravit,

243 1979 350 2064 Tum
368 1979 463 2064 mihi
479 1978 580 2062 felici
596 2005 710 2090 quam
731 1979 901 2062 molliter
918 1981 996 2062 olla
1013 1980 1237 2092 quiescant?

243 2149 341 2232 Haec
356 2145 425 2228 tibi
444 2143 594 2256 semper·
612 2167 745 2246 erant;
775 2173 848 2254 nec
863 2165 902 2229 te
916 2147 990 2232 ulla
1008 2167 1195 2254 auertere,
1210 2151 1410 2278 Nympha,

243 2311 471 2422 Tempestas
484 2311 614 2422 potuit
632 2332 712 2396 tam
731 2313 896 2419 turbida,
918 2315 1011 2425 quin
1030 2314 1114 2400 loca
1128 2316 1255 2400 adires
1327 2275 1341 2438 Ἰ
1357 2354 1405 2432 rar

242 2478 375 2564 Ardua
393 2479 582 2594 quotidie,
601 2483 924 2592 lacrymarumque
941 2481 1062 2564 imbre
1081 2482 1238 2596 rigares,

243 2648 385 2731 Donec
402 2647 630 2760 languentes
644 2668 685 2731 te
704 2674 809 2767 mors
826 2647 908 2728 sera
926 2647 1028 2746 eruit
1047 2669 1166 2756 artus,

242 2819 296 2897 Et
315 2815 467 2922 superas
487 2817 615 2900 anima
637 2813 776 2924 petiisti
793 2833 962 2923 praepete
977 2813 1098 2919 sedes,

241 2985 280 3062 Is
298 2980 364 3063 ubi
378 2981 420 3063 in
434 2983 628 3088 amplexus
645 3009 838 3094 nunquam
853 2981 1021 3087 fallentis
1038 2986 1201 3102 amantis
1354 3021 1404 3102 'll

242 3148 399 3256 Saepius,
418 3157 457 3231 δι
473 3146 574 3229 dulci
593 3149 730 3231 frueris
745 3174 816 3256 per
832 3145 957 3230 secula
978 3175 1122 3244 amore.

240 3313 311 3397 llle
326 3316 397 3397 tibi
412 3312 547 3424 spretis
565 3341 637 3424 pro
653 3314 831 3428 gemmis,
852 3313 1008 3418 murice,
1037 3327 1077 3400 &
1096 3342 1190 3399 auro

240 3479 392 3565 Indutae
411 3481 504 3566 coeli
526 3501 670 3566 aeterna
690 3482 758 3564 dat
779 3483 862 3589 luce
884 3480 1023 3566 nitere.

239 3653 316 3734 Pro
329 3651 511 3762 juvenum
530 3671 726 3759 coetuque,
753 3659 793 3734 δι
809 3675 882 3764 prq
901 3675 1060 3757 nuruum
1084 3645 1270 3732 famulatu

240 3816 403 3926 Aligeris
423 3817 595 3901 immixta
610 3816 751 3920 choris,
778 3815 951 3919 immixta
970 3814 1104 3923 puellis
1352 3851 1404 3934 ¹25⁰,

238 3981 450 4094 Coelivagis
467 3981 614 4092 plaudis
629 3982 803 4084 choreas,
821 3993 861 4068 δε
879 3981 1047 4072 carmina
1067 3983 1224 4090 promis.

238 4144 325 4255 Ipsa
342 4148 413 4248 tibi
432 4147 591 4233 consors
609 4148 743 4258 patriae
759 4175 839 4230 non
857 4147 1063 4232 immemor
1077 4149 1169 4232 olim

1266 4314 1402 4428 Usque
