3168 5190
389 305 567 386 Huntm
603 325 664 380 nu
699 298 868 382 Rueus
902 300 1138 384 D1v1u1e.
1268 331 1343 402 195

183 521 241 602 Sit
258 522 315 606 fas
333 517 492 624 diluere,
515 529 556 602 δι
573 516 746 625 precibus
765 543 837 600 nos
854 516 976 620 effice,
998 522 1039 600 &
1055 514 1141 596 illos
1233 577 1238 588 .

181 691 319 771 Unum
337 712 487 790 omnes,
506 682 612 767 simul
628 679 751 766 infusa
766 712 844 793 quo
861 682 944 767 luce
960 681 1133 764 fruamur

173 855 399 938 ‹Unanimes
416 850 546 961 positis
561 848 674 954 odiis,
692 819 910 962 ⁸eademque
928 849 1106 934 foventes

183 1020 296 1102 Lucis
314 1016 536 1103 inextinsiae
551 1015 678 1128 jubar,
703 1013 922 1099 inviolabile
940 1013 1069 1097 lumen

182 1185 424 1300 Qaeramus,
443 1183 636 1292 vitamque
655 1177 845 1265 inhiemus
861 1181 939 1264 fine
956 1197 1167 1264 carentem.
1290 1209 1343 1282 4⁸5

184 1356 339 1433 Interea
356 1350 540 1459 pietaten
558 1375 645 1452 nos,
671 1349 703 1430 in
719 1367 872 1432 mutuus
889 1345 1005 1432 ardor

182 1517 336 1600 Tantus
352 1513 457 1618 edat,
480 1531 631 1626 quanto
647 1534 688 1598 te
705 1515 797 1598 olim
816 1515 978 1626 flagrare
994 1515 1172 1619 canebas,

184 1687 245 1765 Ut
263 1709 419 1790 cuperes
437 1679 518 1762 aliis
534 1681 699 1789 praelatis
715 1680 894 1762 omnibus
911 1709 1020 1788 unus,

183 1853 385 1932 AEternum
403 1848 515 1931 miser
529 1844 608 1956 ipse
627 1846 818 1955 amplexu,
845 1865 960 1956 atque
975 1875 1045 1931 ore
1063 1873 1207 1952 carere,

182 2013 286 2098 Illius
305 2041 375 2099 ore
397 2013 460 2121 (ah
477 2039 525 2095 ne
543 2011 590 2095 fit
607 2012 664 2096 ses
681 2012 775 2096 mihi
794 2011 951 2098 credere
971 2021 1156 2128 tantumt)
1249 2025 1252 2036 '
1288 2051 1345 2112 n·

183 2183 302 2294 Cujus
322 2184 371 2266 ab
386 2181 539 2291 aspenu
557 2179 641 2262 fluit
656 2179 722 2264 illa
742 2178 924 2264 immensa
943 2183 1131 2292 voluptas,

183 2351 274 2464 Qu
290 2346 448 2434 saturati
468 2346 584 2430 animi
599 2347 797 2430 coelestum
814 2347 854 2428 in
871 2345 995 2433 secula
1013 2347 1196 2460 gaudent.

183 2521 297 2599 Hunc
316 2536 459 2621 tuoto,
477 2513 578 2598 hunc
597 2512 709 2597 nobis
728 2514 882 2596 innene
899 2513 1115 2626 algentibus
1132 2514 1284 2624 ignem:

184 2685 257 2763 Hae
275 2680 440 2776 flammae
457 2682 590 2764 nostro
605 2682 700 2764 vivae
714 2676 829 2789 usque
848 2679 888 2760 in
906 2681 1066 2788 pectore
1083 2681 1249 2785 alantur,

185 2849 289 2930 Dum
309 2868 373 2932 tua
393 2848 456 2932 fixi
475 2849 608 2934 animis
625 2844 863 2953 depascimur
878 2872 995 2954 aurea
1010 2845 1124 2931 dista.
1287 2876 1341 2939 495

184 3013 323 3097 Tende
339 3041 470 3124 preces
488 3013 592 3117 ideo,
618 3009 830 3123 nostrisque
848 3039 1007 3118 occurre
1024 3013 1200 3124 periclis:

185 3179 253 3262 Ille
271 3180 340 3263 tibi
358 3179 525 3264 orandus
542 3207 615 3290 pro
633 3180 758 3286 nobis,
784 3179 849 3291 qui
867 3180 940 3268 tibi
956 3183 1036 3265 sese

184 3347 367 3430 Ostendit
387 3373 533 3450 coram,
559 3347 804 3457 tenebrisque
823 3347 968 3434 evolvit
986 3349 1036 3432 ab
1051 3349 1156 3478 attin·

183 3517 258 3618 Ut,
275 3513 459 3624 quoniam
477 3541 575 3622 quos
590 3514 670 3596 vust
688 3511 784 3596 liber
801 3513 1006 3597 damnatve
1030 3515 1234 3624 probatve,

183 3685 268 3763 Hos
285 3706 436 3785 acuens,
459 3679 543 3762 illos
561 3677 736 3789 permissa
754 3679 856 3760 nube
877 3679 1099 3786 retundens,
1289 3681 1345 3772 50'0

182 3847 243 3925 Ut
264 3843 373 3950 libet,
392 3845 472 3955 ipse
486 3872 646 3956 operum
664 3843 928 3956 dominusque,
947 3845 1161 3958 potensnue
1176 3845 1344 3951 suorum,

183 4008 311 4092 Nobis
328 4009 446 4094 corda
461 4008 585 4096 sinens
602 4039 683 4094 non
700 4011 850 4120 asperet
867 4009 959 4120 ipse,
982 4011 1048 4093 sed
1063 4011 1168 4094 ultro

181 4175 352 4282 Molliat,
373 4195 487 4288 atque
505 4175 567 4260 sua
582 4175 744 4286 praesens
761 4205 833 4262 nos
849 4172 1036 4262 subvehat
1055 4203 1160 4265 aura.

852 4340 969 4444 Bbss
1176 4343 1346 4432 DIVO
