3180 5184
332 265 519 352 rtrum
550 261 823 349 muninus
844 265 1104 354 ·Drv·1rr1a.‘
1274 303 1323 378 57

148 485 253 567 Non
267 503 308 566 te
325 483 427 568 adeo
443 482 599 568 intaeta
612 477 844 566 claudebant
859 480 1000 568 viscera
1015 483 1149 572 matria

148 657 204 734 lu
225 653 348 758 terris,
369 671 509 734 utnon
525 646 737 760 quoqueiu
752 644 897 732 ethere
912 647 1174 740 lucemicarea

148 815 264 900 Idem
282 815 433 922 eadeui,
451 834 600 900 aeterno
614 815 769 927 genitus
784 813 862 900 srue
877 831 1002 900 matre
1020 821 1187 930 parenti.
1265 859 1326 923 35⁰

149 983 245 1067 Nec
262 987 400 1092 minua,
426 1011 471 1068 ac
487 983 590 1092 p'riua
608 981 782 1067 aethereo
799 984 907 1067 Deus
925 983 1024 1070 altus
1041 988 1215 1102 Olympo

150 1149 364 1260 Regnabas
380 1158 466 1236 cuni
485 1153 611 1260 patre,
637 1149 731 1233 licet
749 1167 926 1262 terraque
947 1151 1121 1266 marique

149 1321 312 1400 Errares
329 1317 508 1402 homines
524 1315 625 1400 inter
641 1317 822 1402 mortalia
839 1343 988 1424 curans,

154 1491 278 1574 Verus
292 1485 360 1592 ibi,
384 1483 448 1568 hic
464 1512 588 1592 verus,
615 1509 689 1568 uec
703 1485 776 1570 uus
791 1482 948 1568 ludebat
964 1489 1110 1600 imago,

153 1655 209 1732 Et
223 1653 345 1766 plagis
363 1677 450 1736 cunr
466 1670 505 1732 te
520 1649 708 1766 objic'er'es
725 1649 843 1733 morti
861 1653 997 1738 obrius
1013 1655 1130 1748 ultro.
1267 1693 1326 1762 ³55

155 1823 203 1903 In
222 1837 262 1900 te
280 1819 382 1902 solus
396 1814 518 1900 honio
533 1813 644 1901 l‘eufu
659 1817 748 1902 tulit
765 1814 900 1928 aspera
920 1841 1063 1927 morte,

156 1987 245 2070 Nec
259 1988 367 2070 Deus
384 1983 439 2068 est
455 1983 658 2096 quicqirarn
676 1982 806 2070 lacero
823 2005 907 2072 turn
921 2015 1088 2098 corpore
1105 1989 1248 2100 paffus:

155 2153 262 2236 Nam
277 2151 407 2238 diviua
422 2148 696 2264 quidcunque
713 2149 884 2262 firnplex,
910 2181 1043 2264 quaeve
1060 2177 1240 2244 tuentum

157 2319 299 2434 Rejieit
316 2319 512 2430 aspesturn
530 2317 734 2428 compleffi
750 2315 877 2403 nelcia
895 2317 1018 2426 sensu,

158 2481 255 2567 Cum
273 2499 413 2566 natura
424 2475 492 2562 fibi
509 2477 694 2590 applicuit
710 2477 889 2562 mortalia
905 2481 1092 2588 membra,
1268 2508 1327 2583 ³6·

157 2650 428 2756 Naturamque
441 2643 656 2750 homiuum,
668 2640 771 2728 haud
786 2643 950 2728 maculas
965 2648 1160 2734 contraiit
1174 2649 1224 2733 ab
1239 2650 1326 2763 illia,

156 2815 351 2926 Nullaque
368 2837 439 2922 per
456 2812 573 2896 talem
588 2805 739 2895 adniifit
755 2811 935 2924 contagia
950 2839 1106 2924 nexum,

154 2979 233 3066 Sed
250 2980 405 3092 penitus
420 2975 590 3062 seorsum
605 3005 700 3090 pura
719 2996 837 3090 atque
854 2979 1000 3064 intaeta
1018 2985 1212 3097 remanfit,

154 3147 231 3232 Cui
246 3145 344 3230 nihil
360 3145 525 3230 omniuo
542 3167 706 3230 terreuae
722 3143 817 3230 labis
834 3144 994 3233 iuhaelit.
1098 3181 1101 3198 ¹·

153 3313 364 3398 Diffiurilea
382 3313 689 3424 speciesnaturae
701 3309 895 3426 utriusque
911 3335 1142 3428 repugnant.
1266 3345 1321 3420 365
1465 3376 1528 3438 .-

154 3481 342 3570 sian-nbi
359 3480 576 3566 irnmundas
595 3478 663 3565 Sol
681 3477 820 3562 lambit
837 3477 981 3564 lumine
998 3481 1127 3591 sullas,

154 3651 279 3734 Tetra
296 3648 365 3736 ubi
383 3645 573 3758 proluvies
590 3673 707 3762 grave
723 3645 806 3731 olet
821 3671 1016 3758 coeuuque
1030 3649 1215 3765 fimoque,

154 3817 252 3902 Nou
269 3837 405 3900 tarnen
420 3813 524 3898 effuli
540 3814 648 3923 radii,
674 3812 768 3898 dum
782 3811 955 3900 sordibus
972 3838 1119 3924 errant,

153 3981 301 4070 Infusas
320 3980 469 4068 ducunt
485 4007 531 4068 ea
547 4007 617 4092 per
634 3981 865 4070 commercia
881 3979 1027 4066 sordes.

912 4151 956 4233 H
1224 4151 1327 4238 Rur-
