3180 5184
202 269 228 342 6
418 257 596 358 Mneun
636 253 970 335 H1unouum1
1007 251 1151 336 Vinn

202 469 394 556 Detine‘at
412 465 537 552 studio
551 463 763 577 spetluudi
790 475 831 550 &
849 492 1009 579 quaeque
1027 464 1195 578 legendi.

204 636 276 722 Nil
293 662 424 720 moret
442 653 510 722 aut
526 655 678 739 ventos,
704 651 772 716 aut
788 631 876 718 saevi
893 629 1063 720 fluminis
1080 635 1172 738 alas,

204 801 418 916 Nubesque
440 801 659 916 pluviasque
681 801 860 915 nivesque
881 799 1060 914 albasque
1077 801 1248 912 pruinas,
1272 835 1279 848 ·
1321 828 1375 878 100

41 1005 43 1010 ·
204 975 315 1082 Eque
331 968 519 1056 coloratis
536 970 734 1058 coelestem
753 968 915 1054 nubibus
933 993 1065 1053 arcum

205 1136 384 1226 Foederis
402 1137 553 1250 antiqui
569 1155 864 1224 monumentum
880 1135 1028 1250 insigne
1044 1165 1115 1246 per
1131 1147 1266 1221 aevum.

44 1295 48 1302 ’
207 1305 357 1390 Omnia
375 1305 456 1416 jam
473 1305 650 1420 vulgum
674 1329 780 1390 mens
798 1323 926 1418 neque
942 1305 1045 1390 clara
1065 1323 1265 1388 morentur

209 1471 325 1556 Astra
342 1473 434 1582 viae,
461 1501 543 1558 non
557 1473 739 1560 sideribus
756 1471 1001 1560 volventibus
1018 1472 1136 1557 o'rbee

135 1621 156 1671 ’·
209 1639 429 1724 Instabiles:
455 1639 594 1756 gesidae
607 1641 694 1752 quis
708 1641 830 1726 nescit
848 1653 992 1726 c‘ornua
1009 1643 1144 1747 Lunm,
1324 1667 1375 1727 105

147 1903 153 1912 ,
211 1807 293 1890 Aut
312 1807 447 1920 quibus
465 1805 611 1892 indicna
627 1810 684 1894 est
700 1808 885 1892 radiantis
906 1808 1013 1920 regie
1029 1807 1153 1892 Solis?

211 1973 298 2081 Ipse
312 1974 405 2060 licet
421 1975 489 2059 Sol
503 1977 585 2060 asta
601 1995 725 2084 petat,
744 1973 937 2088 totiesque
953 1971 1138 2086 profundi

213 2140 419 2250 Impostus
435 2143 527 2226 coeli
546 2139 663 2228 dorso
679 2142 864 2254 liquidum
880 2141 1026 2228 ethera
1043 2159 1187 2243 tranet,

215 2305 286 2391 Ille
301 2311 398 2395 meis
416 2310 534 2424 longe
552 2291 713 2395 inferius
728 2323 860 2394 tamen
877 2309 1006 2395 evolet
1023 2305 1102 2390 alis.

214 2474 342 2561 Altius
359 2475 442 2587 ipse
459 2479 559 2562 viam
577 2478 798 2590 ingredior:
827 2477 1082 2590 quodcunque
1100 2481 1286 2578 cseatum,
1329 2501 1389 2550 m

213 2641 323 2728 Infra
340 2673 403 2729 me
415 2647 541 2758 jacet:
570 2646 733 2732 alituum
750 2675 845 2760 gens
862 2645 990 2730 incola
1008 2642 1100 2728 c'oeli

216 2811 312 2918 Ipsae
329 2813 450 2898 etiam
468 2812 625 2900 subsunt
642 2815 742 2897 acies
761 2817 847 2922 post
866 2839 978 2924 terga
995 2799 1149 2894 re'liuae.

215 2979 339 3086 Supra
352 2999 443 3062 axes
461 2978 608 3083 mundi,
635 2979 746 3090 supra
762 2981 948 3062 mirantur
964 2997 1121 3061 euntem

217 3139 364 3248 Sidera,
387 3145 638 3258 vestigantem
660 3144 800 3260 ecquid
820 3145 865 3232 fit
883 3143 1044 3256 originis
1060 3163 1212 3251 expers,

218 3311 427 3426 Qudque,
444 3335 489 3398 ut-
504 3335 631 3398 morte
646 3335 765 3419 caret,
783 3315 927 3425 puriter
938 3321 1092 3424 quoque
1107 3309 1249 3393 nesciat
1262 3325 1384 3412 ottus,

91 3548 94 3554 .
219 3477 341 3591 Qod
358 3478 509 3590 semper
522 3481 653 3588 fuerit,
673 3481 778 3592 quod
797 3493 991 3592 nunquam
1010 3477 1179 3587 coeperit
1199 3475 1288 3579 essu,
1328 3497 1386 3554 ue
1446 3579 1449 3588 .

221 3647 505 3760 Ausioremque
522 3647 578 3733 sui
596 3647 802 3736 sumntum
820 3649 972 3732 noverit
991 3645 1128 3756 ipsum;

221 3813 374 3898 Caetera
391 3844 477 3902 cum
491 3819 645 3930 penitus
666 3820 811 3904 fuerint
826 3819 909 3928 ipso
926 3813 1059 3899 omnin
1077 3812 1126 3894 ab
1144 3834 1237 3894 uno.

220 3985 312 4067 Hoc
326 3987 509 4072 mosimur
525 4013 618 4096 opus
626 4031 640 4086 ;
669 3985 753 4072 voti
768 3985 850 4070 bec
864 3985 1013 4070 summu
1028 3979 1144 4065 ardua
1160 3976 1296 4062 nostri.

293 4157 494 4266 Ignotum,
516 4159 701 4272 piceaque
718 4155 854 4270 procus
867 4152 1030 4266 caligine
1045 4147 1196 4264 septum
1335 4155 1407 4224 μα’

1302 4312 1390 4398 Nu·
