3168 5190
359 275 545 354 Humur
578 291 638 350 uu
673 265 843 352 Rarus
877 265 1119 358 Dr'vrutt.
1187 365 1190 372 .
1246 299 1321 378 225

149 489 291 574 Militis
309 487 378 598 ipss
394 489 533 597 inopes
551 513 623 571 nos
642 487 791 594 semper
805 489 1076 596 praetereuntis
1113 547 1118 556 -

150 655 286 738 Praeda
300 655 447 738 sumus:
477 655 629 738 nostros
653 678 786 736 manus
800 653 855 737 est
871 675 1032 739 esterna
1049 654 1214 741 labores.

153 821 294 934 Aspice
313 848 400 929 nos,
426 833 466 906 δι
486 839 597 904 tanta
611 821 686 902 tuis
703 817 902 931 dispendia
920 823 1032 932 pelle.
1271 860 1327 926 130

153 991 286 1078 Vitam
306 993 462 1101 inopem
480 987 614 1071 nostro
631 987 745 1070 liceat
762 989 932 1072 tolerare
949 989 1097 1097 labore,

154 1157 356 1270 Solarique
375 1154 532 1260 samem,
559 1151 775 1266 parvosque
792 1153 955 1240 educere
971 1181 1098 1242 natos.

154 1322 287 1433 Siquid
305 1347 492 1436 praeterea
510 1322 551 1406 in
569 1322 706 1404 nostris
724 1319 910 1408 fraudisve
926 1322 1053 1410 dolive
1072 1328 1142 1431 est,

155 1489 324 1602 Corrige
340 1513 394 1598 tu,
421 1502 461 1575 δι
481 1489 678 1573 meliorem
699 1489 869 1574 animum
887 1515 1002 1600 prece
1020 1483 1149 1578 suffice
1165 1493 1288 1610 genti.

154 1658 244 1740 Nos
258 1653 364 1741 furto
383 1655 478 1742 nihil
495 1658 599 1742 inter
616 1683 687 1738 nos
706 1682 905 1765 carpamus
925 1661 1041 1766 avari,
1272 1699 1324 1762 ¹35

153 1822 275 1909 Dives
293 1823 451 1938 quisque
469 1823 560 1923 suo;
588 1842 748 1933 pateant
765 1822 975 1936 noctesque
992 1825 1148 1940 diesque

152 1991 301 2074 Praedia
319 1993 466 2076 nostra:
496 1988 634 2074 domus
655 1990 761 2074 nullo
780 1987 936 2074 custode
955 1994 1100 2078 relicta

152 2157 295 2242 Nullos
311 2161 506 2243 nodiurno
523 2177 698 2242 metuant
716 2184 844 2271 neque
864 2177 1043 2270 tempore
1061 2157 1176 2248 sures.

153 2317 230 2436 Ipsi
243 2327 323 2438 jam
339 2325 472 2410 culmis
491 2323 563 2408 fint
579 2325 656 2408 tuti
673 2322 868 2411 arentibus
888 2327 984 2439 agri,

152 2499 357 2604 Prataque,
377 2491 578 2605 ssrlvaeque,
598 2503 637 2578 δι
653 2491 766 2600 ρίἂίε
781 2491 912 2574 vineta
931 2495 1104 2579 racemis.
1271 2535 1325 2597 tr·

152 2660 365 2770 surripiant
385 2687 457 2742 nec
470 2656 568 2772 justa
583 2655 684 2743 avidi
702 2652 790 2767 plus
808 2680 919 2769 parte
937 2659 1082 2746 coloni:

152 2824 451 2940 Assuescantque
469 2825 557 2910 satis
571 2824 820 2910 dominorum
835 2825 1009 2910 inhibere
1021 2829 1223 2940 juvencos,

154 2999 303 3105 Sponte
322 2995 384 3080 sua
400 2995 536 3105 pasius
554 3021 626 3078 nec
642 3019 739 3107 agro
756 2991 966 3081 subducere
981 2990 1117 3080 sulcos.

154 3271 509 3435 DIVO
585 3275 1323 3443 CASSIANO

447 3549 1025 3680 maurusi

342 3827 684 3909 OMMENDO
706 3823 792 3930 tibi,
814 3823 1003 3938 Cassiam,
1022 3827 1174 3914 nostros

157 3837 337 4212 C
369 4001 445 4084 Hic
467 3999 716 4111 quoscunque
734 3998 840 4084 vides
858 4002 982 4086 virere
999 4001 1160 4114 agellos:
1315 4064 1319 4073 -

370 4177 469 4258 Non
486 4172 621 4258 frustra
639 4171 715 4258 hac
731 4173 795 4284 pia
812 4177 991 4262 struxerit
1005 4177 1171 4266 vetustas

903 4343 986 4428 Fs
1163 4345 1326 4432 uiuum
