3180 5184
244 275 298 356 rt
460 273 649 352 Mnncr
688 270 1022 354 Hunnonumr
1062 271 1208 356 Vron

244 487 362 574 Tunc
377 486 492 602 sugis,
519 499 560 574 &
577 483 697 570 suedis
715 482 808 568 abes
826 484 1085 571 Irrevocabilis
1106 486 1213 572 orsis.
1364 513 1433 590 6οςΙ

245 657 354 741 Nam
365 654 539 767 quamvis
550 653 749 738 hominem
764 649 1207 767 admoneas,foveasque
1223 659 1435 772 regasque²

246 821 468 936 Qodlibet
482 819 648 906 audendi
663 819 720 904 est
740 837 869 904 tamen
887 821 1068 906 omnibus
1085 847 1196 934 aequa
1211 823 1397 934 potestas,

247 995 303 1078 Et
317 990 431 1074 nobis
446 989 550 1076 laxas
567 987 688 1073 nostri
703 989 821 1101 usque
840 987 1024 1100 relinquis
1038 988 1225 1096 habenas,

248 1157 415 1275 Justitiae
432 1175 584 1242 tantum
602 1182 796 1242 memores
813 1155 986 1268 testique
1003 1154 1134 1270 piique

249 1325 337 1413 Effe
352 1326 477 1438 jubes,
500 1343 620 1436 atque
633 1321 715 1434 ipse
732 1322 813 1410 coli
829 1343 871 1408 te
887 1323 1063 1436 praecipis
1078 1353 1209 1408 unum.

248 1497 305 1580 Et
321 1494 496 1605 quamvis
512 1489 678 1576 mortale
696 1518 818 1606 geum
834 1491 889 1576 nil
903 1517 1085 1602 promere
1103 1491 1219 1604 poffit
1364 1511 1431 1571 cr·

249 1659 389 1746 Laude
402 1681 471 1745 tua
485 1656 663 1772 dignum,
689 1657 984 1772 necquicquam
999 1678 1132 1744 mente
1151 1658 1284 1769 capaci

252 1827 475 1939 Concipere
490 1827 688 1940 egregium
698 1872 711 1928 ς
741 1853 867 1936 neque
889 1827 993 1911 enim
1011 1845 1052 1908 te
1070 1824 1231 1938 pingere
1247 1827 1346 1911 veris

251 1999 328 2082 Fas
344 1995 521 2108 cuiquam
541 1993 667 2101 distis,
692 1991 760 2080 sed
778 1993 1035 2078 inenarrabile
1059 2021 1205 2076 numen

252 2161 509 2276 Majcstalque
527 2182 597 2245 tua
616 2159 685 2268 est,
708 2161 857 2247 nostras
873 2180 1005 2244 tamen
1021 2159 1172 2271 optime
1186 2161 1315 2247 laudes

252 2331 353 2414 Non
368 2331 527 2446 refingis,
538 2327 756 2443 gaudesqne
774 2329 975 2414 hominum
991 2327 1136 2437 pietate
1150 2329 1351 2442 benignus.
1368 2353 1426 2436 sn

254 2497 415 2614 Qippe
432 2517 545 2582 tener
560 2496 667 2581 srmul
683 2495 836 2582 emersit
854 2523 926 2608 per
941 2495 1070 2580 inania
1084 2495 1262 2606 mundus,

254 2661 410 2750 Consta
428 2681 513 2750 tuas
531 2690 601 2748 ora
620 2666 660 2750 in
677 2664 810 2750 laudes
828 2667 979 2750 solvere
994 2681 1171 2773 repente,

254 2831 534 2942 Artificemque
553 2829 714 2941 agnovit
728 2857 839 2938 opus,
867 2850 907 2912 te
924 2829 1069 2915 lucidus
1086 2829 1222 2940 aether,

254 2993 319 3078 Tc
335 2993 457 3078 sanni
475 2993 650 3080 volucres
665 3021 767 3080 nova
784 3023 879 3109 geos
898 2995 1081 3082 radiantis
1096 2997 1271 3112 Olympi,

253 3161 308 3243 Et
327 3186 475 3246 numen
491 3158 640 3244 sensere
661 3178 768 3245 tuum
786 3163 898 3272 polus
915 3163 1014 3248 alter
1031 3175 1073 3252 bc
1091 3163 1202 3273 alter,
1368 3190 1428 3248 sao

147 3427 152 3442 ι
254 3329 443 3438 Lunaque
461 3326 604 3438 Solque
623 3353 770 3434 recens,
797 3341 836 3416 &
854 3329 972 3414 srdera
987 3331 1189 3418 matutina.

254 3493 403 3578 Omnia
420 3491 670 3604 plaudebant,
696 3497 834 3607 supera
852 3500 984 3582 omnia
1002 3501 1090 3586 laeta
1106 3498 1309 3610 sonabant,

253 3663 310 3746 Et
325 3659 499 3744 cecinere
517 3688 659 3747 novum
680 3665 751 3748 tibi
770 3693 927 3750 carmen
947 3665 1080 3776 vesper
1098 3679 1138 3753 δι
1156 3685 1277 3750 ortus.

253 3829 414 3912 Interea
429 3827 549 3910 aereis
565 3829 629 3912 sna
646 3851 732 3916 erat
748 3860 902 3944 quoque
920 3833 1081 3942 plurima
1099 3836 1243 3944 campis

255 3996 425 4104 Laetitia,
453 4007 494 4082 &
512 4016 602 4080 toto
620 3997 815 4110 strepuere
831 4000 1002 4083 tonitrua
1016 4001 1136 4107 coelo,
1367 4025 1422 4094 σιτ

255 4161 537 4276 Continuoque
554 4165 665 4278 ignes
682 4159 819 4250 fiulsere
835 4167 875 4251 in
891 4166 994 4252 nube
1009 4167 1170 4272 corusci,

1350 4337 1427 4422 At·
