3180 5184
52 355 56 364 ,
198 265 233 368 ’4
412 267 591 348 Minor
626 260 958 346 Hrunouumr
996 265 1141 350 Vrnn

202 481 266 562 Ut
282 474 437 589 superet
455 506 546 562 mox
563 477 640 584 ille,
664 493 708 558 ut
724 476 893 584 pulchrae
911 481 1069 588 praemia
1086 479 1210 566 laudis

201 645 327 729 Prima
345 647 459 750 ferat,
482 645 628 756 primos
646 639 738 726 felix
760 642 931 752 potiatur
948 645 1139 751 honorem

200 810 300 896 Inde
317 813 381 896 alii
399 831 518 923 atque
535 811 599 893 alii
618 811 768 919 semper
786 810 1006 896 melioribus
1023 819 1135 902 auris.

264 985 363 1066 Haec
373 1003 625 1093 quaecunque,
634 997 766 1063 tamen
780 979 1163 1094 tibi,qualiacunque,
1170 981 1371 1081 sacramus,

130 1251 134 1264 ι
202 1147 361 1230 Summe
375 1167 506 1258 patere
530 1145 591 1230 cui
607 1172 697 1228 nam
713 1145 795 1229 haec
808 1145 938 1256 potius
955 1147 1005 1229 de
1020 1175 1130 1232 more
1146 1148 1314 1232 dicemus
1331 1169 1369 1236 5⁶

201 1317 380 1422 Mortui,
405 1317 446 1400 in
464 1313 576 1396 terris
595 1313 668 1422 qui·
680 1332 812 1425 gratus
827 1311 945 1425 digna
964 1315 1177 1424 rependat?

201 1483 362 1566 Praemia
372 1481 473 1566 nulla
484 1479 685 1564 hominum
696 1504 828 1563 moror
834 1525 848 1579 ς
866 1479 969 1563 haud
980 1507 1042 1564 me
1056 1507 1223 1592 purpura
1235 1507 1370 1593 regum

202 1649 298 1732 Ulla
313 1669 467 1734 movet:
495 1647 620 1730 nullos
640 1673 712 1731 nos
731 1643 842 1756 supra
859 1647 1044 1732 inhiamus
1061 1647 1242 1736 honores.

203 1813 243 1896 si
259 1835 412 1900 terrena
432 1813 565 1902 forent
580 1813 798 1927 quicquam,
818 1835 884 1898 aut
899 1813 1078 1896 mortalia
1093 1813 1215 1919 cordi,
1332 1837 1373 1920 ⁶².

203 1984 273 2064 Sat
289 1983 383 2066 mihi
400 1982 616 2066 Tuscorum
637 1989 887 2064 Mnurcum
912 1981 1094 2087 persolvit
1110 1982 1319 2085 honorum,

202 2151 256 2230 Et
271 2143 330 2230 sat
344 2177 478 2260 opum,
504 2150 619 2234 rebus
638 2178 725 2236 cum
742 2147 927 2236 maximus
944 2149 1042 2231 alter
1060 2159 1099 2232 δι
1118 2147 1219 2231 alter.

202 2313 393 2423 Praeesset,
419 2311 715 2430 praestantesque
733 2315 836 2400 viros
854 2313 904 2396 ad
925 2313 1043 2426 digna
1062 2315 1240 2405 vocando

202 2489 370 2568 Munera
383 2483 432 2568 ad
451 2484 626 2598 egregias
643 2481 778 2594 pretiis
797 2479 1026 2572 accenderet
1040 2504 1153 2566 artes.

201 2648 273 2732 Nil
290 2650 389 2735 ultra
408 2649 450 2734 in
468 2651 581 2734 terris
597 2677 730 2762 quaero
746 2677 817 2758 par
835 2647 989 2758 regibus
1008 2647 1094 2757 ipsus
1331 2669 1368 2760 ⁶5.

201 2815 446 2925 Contemptu
464 2827 603 2920 rerum,
630 2837 858 2923 contemptu
877 2813 1208 2938 diveshonorumeu

201 2981 265 3064 Tu
280 2978 376 3068 mihi
392 2977 491 3062 solus
512 2979 617 3084 ades,
644 2980 739 3064 mihi
754 3001 796 3064 tu
813 2979 1029 3086 persolvere
1046 2979 1146 3065 solus

200 3147 360 3230 Praemia
374 3131 529 3258 magna,
555 3145 724 3258 meisque
742 3168 855 3255 potes
872 3143 1105 3232 subscribere
1122 3151 1221 3234 votis
1231 3196 1244 3252 ς

200 3312 322 3397 Nulla
338 3313 429 3397 licet
448 3314 595 3398 meritis
613 3315 681 3397 abs
699 3336 737 3396 te
755 3313 827 3394 smt
848 3312 979 3396 debita
997 3315 1135 3398 nostris

198 3481 374 3585 Praemia,
401 3497 444 3568 tu
461 3480 528 3563 nis1
544 3507 628 3591 quae
644 3481 757 3564 nobis
777 3481 984 3562 victoribus
1001 3481 1116 3565 offers
1330 3523 1369 3596 ⁷⁰,

200 3653 349 3760 Sponte
368 3669 435 3731 tua
453 3646 592 3754 bonus,
619 3669 660 3734 at
675 3646 731 3730 nil
754 3647 830 3728 tale
850 3649 1085 3735 merentibus
1105 3651 1207 3758 ipss;

197 3818 306 3924 Dum
325 3815 470 3920 sontes,
497 3825 538 3898 &
553 3813 677 3898 adhuc
694 3812 810 3902 dubia
828 3835 1017 3900 certamus
1034 3840 1161 3897 arena.

197 3981 303 4063 Nam
321 3982 413 4068 licet
430 3979 608 4072 humanae
623 4011 712 4064 non
734 3979 890 4090 spernas
907 4007 1065 4063 munera
1084 3983 1204 4086 vocis,

198 4145 270 4258 Nil
287 4149 407 4233 nostri
424 4167 556 4232 tamen
576 4148 655 4232 oris
673 4175 778 4262 eges,
805 4145 1036 4258 laudumque
1053 4168 1206 4256 tuarum

1218 4284 1367 4417 Omnia
