3160 5198
282 301 362 390 164
507 291 686 368 Miner
726 287 1049 369 Htunonrmr
1086 289 1224 372 Vrnn

278 499 365 588 Tot
382 503 481 587 curis
501 501 702 588 hominum
721 521 850 585 careat
865 529 987 612 genus
997 545 1009 600 3
1036 501 1217 586 omnibus
1234 503 1353 584 omnia

278 669 388 752 Tuta
402 668 536 753 forent
547 713 559 768 3
588 667 735 782 degant
750 667 829 750 fine
848 669 901 772 vi,
921 666 999 751 fine
1016 666 1183 754 caedibus
1197 695 1312 756 aevum

278 835 473 920 Mortales
487 835 623 939 securi,
649 833 804 944 altaque
823 835 862 915 in
880 862 974 945 pace
992 835 1204 946 quiescant,

278 1005 334 1086 Et
351 999 483 1110 paffim
500 1001 620 1112 pleno
637 999 731 1085 fluat
749 1027 863 1084 aurea
880 1001 992 1110 copia
1008 1029 1141 1085 cornu.

280 1167 529 1304 Hicfrudtqs,
555 1167 695 1278 placidi
714 1163 801 1250 sunt
816 1166 898 1252 haec
913 1170 1145 1251 commercia
1161 1169 1318 1262 timorist
1383 1182 1431 1254 rut

280 1335 431 1420 Aureus
447 1335 512 1419 hic
529 1333 732 1418 hominum
750 1337 885 1448 generi
903 1333 1036 1418 omnia
1050 1333 1186 1418 sufficit
1203 1363 1316 1418 unus:

279 1503 372 1584 Hoc
385 1530 465 1585 uno
483 1499 625 1606 sumus,
650 1497 727 1584 hoc
743 1502 903 1606 orimur,
931 1499 1007 1584 hoc
1022 1501 1181 1584 vivimus
1200 1531 1289 1584 uno.

280 1669 395 1751 Unus
411 1694 521 1750 amor
537 1669 651 1752 nobis
668 1667 898 1778 praesentem
917 1669 1081 1752 numinis
1100 1695 1232 1750 auram

280 1833 496 1919 Conciliat:
527 1833 622 1944 quin
639 1836 720 1944 ipse
735 1836 859 1940 favor,
886 1836 977 1945 quin
994 1835 1120 1946 gratia
1137 1845 1175 1919 dt
1194 1834 1287 1944 ipsa,

281 1997 374 2116 Qu
389 1997 565 2108 fruimur,
589 2027 665 2110 qua
682 2029 755 2085 nos
774 1999 841 2083 fibi
854 2001 984 2114 jungit
1002 2029 1142 2084 numen
1161 1999 1334 2103 amicum,
1387 2029 1433 2092 ιφ

279 2164 558 2278 Lustratosque
575 2169 715 2252 iterum
735 2194 811 2279 qua
827 2194 900 2248 nos
918 2167 958 2250 in
973 2167 1131 2274 pristina
1151 2164 1291 2268 reddit,

259 2415 262 2422 .
281 2332 354 2416 Nil
368 2333 438 2416 nifi
454 2361 565 2416 amor
581 2333 663 2444 pius
683 2333 759 2432 est;
786 2332 905 2441 ipsum
919 2361 1080 2444 quoque
1094 2333 1262 2446 denique
1280 2359 1410 2414 numen

281 2498 350 2584 Est
364 2527 474 2586 arnor
489 2501 553 2584 ille
568 2505 690 2608 Deus,
709 2489 818 2582 Deus
837 2499 900 2588 ille
920 2499 1055 2586 affusus
1071 2502 1212 2613 ubique

282 2665 444 2778 Regnat
461 2695 584 2777 amor,
602 2667 822 2779 coelumque
840 2689 988 2774 movet,
1003 2667 1196 2780 terrasque
1211 2663 1421 2776 fretumque

282 2835 563 2942 Omnipotens,
583 2835 733 2944 nequies
749 2833 950 2916 hominum
967 2833 1219 2946 superumque
1238 2834 1416 2944 uoluptas.

282 2997 397 3082 Talia
411 2997 632 3111 suaviloquo
647 3027 716 3109 per
730 3022 868 3114 gentes
881 3027 949 3084 ore
964 3000 1140 3106 canebas,
1393 3021 1437 3102 ¹9⁶

282 3165 479 3250 Omnibus
496 3167 609 3278 inque
628 3169 719 3250 locis
735 3167 917 3252 miscebas
936 3166 1073 3274 pocula
1089 3169 1245 3272 arnone,-

283 3331 431 3416 Omnia
448 3333 692 3434 demulcens;
721 3335 919 3417 discebant
938 3333 1071 3415 omnia
1089 3360 1239 3418 amare:

283 3499 430 3582 Omnia
446 3497 619 3612 largiflua
638 3502 840 3585 dulcedine
856 3499 1102 3583 distillabant.

283 3666 383 3750 Cum
404 3695 498 3748 vero
515 3665 614 3750 solus
633 3668 710 3750 sola
730 3669 796 3752 sub
814 3669 931 3750 nocte
949 3668 1101 3752 relictus

282 3837 454 3941 Errares‚
479 3833 545 3916 ubi
562 3833 679 3916 corda
700 3837 815 3943 sopor
830 3836 1011 3918 mortalia
1030 3833 1157 3938 solvit,

281 4001 404 4082 Nulla
422 4002 530 4113 quies
547 4002 677 4084 animo
697 4002 767 4086 tibi
784 4023 894 4098 erat;
919 4001 983 4084 sub
1003 4001 1162 4110 pedore
1183 4001 1334 4113 semper

283 4163 485 4274 versabas,
505 4169 606 4280 quali
625 4167 741 4268 fueris
759 4167 927 4277 dejecius
944 4171 1082 4275 amico,
