<?xml version="1.0" encoding="UTF-8"?>
<!DOCTYPE html PUBLIC "-//W3C//DTD XHTML 1.0 Transitional//EN"
    "http://www.w3.org/TR/xhtml1/DTD/xhtml1-transitional.dtd">
<html xmlns="http://www.w3.org/1999/xhtml" xml:lang="en" lang="en">
 <head>
  <title>
</title>
<meta http-equiv="Content-Type" content="text/html;charset=utf-8" />
  <meta name='ocr-system' content='tesseract 3.04.00' />
  <meta name='ocr-capabilities' content='ocr_page ocr_carea ocr_par ocr_line ocrx_word'/>
</head>
<body>
  <div class='ocr_page' id='page_1' title='image "./marcihieronymiv00vidagoog_0213.png"; bbox 0 0 3168 5190; ppageno 0'>
   <div class='ocr_carea' id='block_1_1' title="bbox 241 293 1187 398">
    <p class='ocr_par' dir='ltr' id='par_1_1' title="bbox 241 293 1187 398">
     <span class='ocr_line' id='line_1_1' title="bbox 241 293 1187 398; baseline -0.003 -21"><span class='ocrx_word' id='word_1_1' title='bbox 241 319 324 398; x_wconf 86' lang='lat'>²04</span> <span class='ocrx_word' id='word_1_2' title='bbox 459 298 638 377; x_wconf 79' lang='lat' dir='ltr'>Mnacr</span> <span class='ocrx_word' id='word_1_3' title='bbox 677 295 1007 374; x_wconf 81' lang='lat' dir='ltr'>Hrrronrmr</span> <span class='ocrx_word' id='word_1_4' title='bbox 1044 293 1187 376; x_wconf 75' lang='lat' dir='ltr'>Vana</span> 
     </span>
    </p>
   </div>
   <div class='ocr_carea' id='block_1_2' title="bbox 145 502 1417 3960">
    <p class='ocr_par' dir='ltr' id='par_1_2' title="bbox 241 502 1203 624">
     <span class='ocr_line' id='line_1_2' title="bbox 241 502 1203 624; baseline -0.004 -32"><span class='ocrx_word' id='word_1_5' title='bbox 241 511 357 624; x_wconf 86' lang='lat' dir='ltr'>Qos</span> <span class='ocrx_word' id='word_1_6' title='bbox 376 534 513 592; x_wconf 84' lang='lat' dir='ltr'>omnes</span> <span class='ocrx_word' id='word_1_7' title='bbox 530 507 637 622; x_wconf 86' lang='lat' dir='ltr'>larga</span> <span class='ocrx_word' id='word_1_8' title='bbox 656 502 838 590; x_wconf 88' lang='lat' dir='ltr'>miserans</span> <span class='ocrx_word' id='word_1_9' title='bbox 854 533 931 618; x_wconf 90' lang='lat' dir='ltr'>ope</span> <span class='ocrx_word' id='word_1_10' title='bbox 952 505 1203 614; x_wconf 83' lang='lat' dir='ltr'>sustentabat,</span> 
     </span>
    </p>

    <p class='ocr_par' dir='ltr' id='par_1_3' title="bbox 240 671 1321 1124">
     <span class='ocr_line' id='line_1_3' title="bbox 240 671 1321 788; baseline -0.006 -26"><span class='ocrx_word' id='word_1_11' title='bbox 240 679 386 762; x_wconf 89' lang='lat' dir='ltr'>Donec</span> <span class='ocrx_word' id='word_1_12' title='bbox 403 674 584 788; x_wconf 88' lang='lat' dir='ltr'>quicquid</span> <span class='ocrx_word' id='word_1_13' title='bbox 602 701 720 784; x_wconf 90' lang='lat' dir='ltr'>opum</span> <span class='ocrx_word' id='word_1_14' title='bbox 739 672 829 777; x_wconf 87' lang='lat' dir='ltr'>fuit,</span> <span class='ocrx_word' id='word_1_15' title='bbox 849 673 920 758; x_wconf 87' lang='lat' dir='ltr'>hos</span> <span class='ocrx_word' id='word_1_16' title='bbox 938 674 1143 784; x_wconf 87' lang='lat' dir='ltr'>absumpfit</span> <span class='ocrx_word' id='word_1_17' title='bbox 1162 675 1203 758; x_wconf 90' lang='lat' dir='ltr'>in</span> <span class='ocrx_word' id='word_1_18' title='bbox 1221 671 1321 760; x_wconf 87' lang='lat' dir='ltr'>usus.</span> 
     </span>
     <span class='ocr_line' id='line_1_4' title="bbox 240 841 1217 946; baseline 0.002 -18"><span class='ocrx_word' id='word_1_19' title='bbox 240 843 348 928; x_wconf 90' lang='lat' dir='ltr'>Hinc</span> <span class='ocrx_word' id='word_1_20' title='bbox 365 843 496 928; x_wconf 89' lang='lat' dir='ltr'>tunica</span> <span class='ocrx_word' id='word_1_21' title='bbox 515 842 563 926; x_wconf 87' lang='lat' dir='ltr'>ad</span> <span class='ocrx_word' id='word_1_22' title='bbox 583 841 684 925; x_wconf 90' lang='lat' dir='ltr'>talos</span> <span class='ocrx_word' id='word_1_23' title='bbox 701 842 857 926; x_wconf 82' lang='lat' dir='ltr'>demiffa</span> <span class='ocrx_word' id='word_1_24' title='bbox 877 841 1069 926; x_wconf 89' lang='lat' dir='ltr'>inducitur</span> <span class='ocrx_word' id='word_1_25' title='bbox 1087 867 1217 946; x_wconf 78' lang='lat' dir='ltr'>aurea,</span> 
     </span>
     <span class='ocr_line' id='line_1_5' title="bbox 242 1008 1183 1124; baseline 0 -30"><span class='ocrx_word' id='word_1_26' title='bbox 242 1013 448 1124; x_wconf 87' lang='lat' dir='ltr'>Sericaque</span> <span class='ocrx_word' id='word_1_27' title='bbox 466 1037 514 1094; x_wconf 85' lang='lat' dir='ltr'>ex</span> <span class='ocrx_word' id='word_1_28' title='bbox 537 1009 700 1094; x_wconf 88' lang='lat' dir='ltr'>humero</span> <span class='ocrx_word' id='word_1_29' title='bbox 720 1008 918 1122; x_wconf 85' lang='lat' dir='ltr'>dependet</span> <span class='ocrx_word' id='word_1_30' title='bbox 938 1008 1056 1092; x_wconf 81' lang='lat' dir='ltr'>taenia</span> <span class='ocrx_word' id='word_1_31' title='bbox 1069 1008 1183 1115; x_wconf 79' lang='lat' dir='ltr'>lavo,</span> 
     </span>
    </p>

    <p class='ocr_par' dir='ltr' id='par_1_4' title="bbox 241 1175 1411 1454">
     <span class='ocr_line' id='line_1_6' title="bbox 241 1175 1411 1298; baseline -0.003 -34"><span class='ocrx_word' id='word_1_32' title='bbox 241 1177 379 1264; x_wconf 88' lang='lat' dir='ltr'>Fibula</span> <span class='ocrx_word' id='word_1_33' title='bbox 394 1206 512 1291; x_wconf 87' lang='lat' dir='ltr'>quam</span> <span class='ocrx_word' id='word_1_34' title='bbox 526 1178 637 1262; x_wconf 86' lang='lat' dir='ltr'>lateri</span> <span class='ocrx_word' id='word_1_35' title='bbox 656 1175 796 1260; x_wconf 79' lang='lat' dir='ltr'>dextro</span> <span class='ocrx_word' id='word_1_36' title='bbox 815 1177 1007 1270; x_wconf 65' lang='lat' dir='ltr'>subnetbit</span> <span class='ocrx_word' id='word_1_37' title='bbox 1024 1176 1184 1282; x_wconf 88' lang='lat' dir='ltr'>eburna,</span> <span class='ocrx_word' id='word_1_38' title='bbox 1366 1207 1411 1298; x_wconf 74' lang='lat'>,⁷⁹</span> 
     </span>
     <span class='ocr_line' id='line_1_7' title="bbox 242 1341 1144 1454; baseline -0.002 -26"><span class='ocrx_word' id='word_1_39' title='bbox 242 1345 420 1430; x_wconf 84' lang='lat' dir='ltr'>Muneris</span> <span class='ocrx_word' id='word_1_40' title='bbox 442 1365 534 1428; x_wconf 88' lang='lat' dir='ltr'>ante</span> <span class='ocrx_word' id='word_1_41' title='bbox 552 1371 636 1429; x_wconf 82' lang='lat' dir='ltr'>arat</span> <span class='ocrx_word' id='word_1_42' title='bbox 654 1341 839 1428; x_wconf 86' lang='lat' dir='ltr'>commiffi</span> <span class='ocrx_word' id='word_1_43' title='bbox 859 1341 1019 1454; x_wconf 73' lang='lat' dir='ltr'>insignia</span> <span class='ocrx_word' id='word_1_44' title='bbox 1037 1363 1144 1427; x_wconf 90' lang='lat' dir='ltr'>nota.</span> 
     </span>
    </p>

    <p class='ocr_par' dir='ltr' id='par_1_5' title="bbox 242 1505 1271 1791">
     <span class='ocr_line' id='line_1_8' title="bbox 243 1505 1271 1622; baseline -0.004 -26"><span class='ocrx_word' id='word_1_45' title='bbox 243 1513 376 1622; x_wconf 82' lang='lat' dir='ltr'>Atque</span> <span class='ocrx_word' id='word_1_46' title='bbox 393 1514 448 1596; x_wconf 89' lang='lat' dir='ltr'>ita</span> <span class='ocrx_word' id='word_1_47' title='bbox 465 1511 700 1622; x_wconf 82' lang='lat' dir='ltr'>conspicuus,</span> <span class='ocrx_word' id='word_1_48' title='bbox 719 1509 900 1620; x_wconf 90' lang='lat' dir='ltr'>sacraque</span> <span class='ocrx_word' id='word_1_49' title='bbox 917 1509 956 1594; x_wconf 93' lang='lat' dir='ltr'>in</span> <span class='ocrx_word' id='word_1_50' title='bbox 976 1511 1078 1596; x_wconf 84' lang='lat' dir='ltr'>veste</span> <span class='ocrx_word' id='word_1_51' title='bbox 1092 1505 1271 1596; x_wconf 84' lang='lat' dir='ltr'>coruscus</span> 
     </span>
     <span class='ocr_line' id='line_1_9' title="bbox 242 1673 1230 1791; baseline -0.001 -31"><span class='ocrx_word' id='word_1_52' title='bbox 242 1677 410 1785; x_wconf 84' lang='lat' dir='ltr'>Emicat,</span> <span class='ocrx_word' id='word_1_53' title='bbox 430 1689 470 1762; x_wconf 79' lang='grc' dir='ltr'>ὅτ</span> <span class='ocrx_word' id='word_1_54' title='bbox 488 1679 597 1762; x_wconf 65' lang='lat' dir='ltr'>redo</span> <span class='ocrx_word' id='word_1_55' title='bbox 615 1675 664 1760; x_wconf 89' lang='lat' dir='ltr'>ad</span> <span class='ocrx_word' id='word_1_56' title='bbox 683 1704 815 1791; x_wconf 87' lang='lat' dir='ltr'>regem</span> <span class='ocrx_word' id='word_1_57' title='bbox 835 1677 872 1760; x_wconf 89' lang='lat' dir='ltr'>se</span> <span class='ocrx_word' id='word_1_58' title='bbox 890 1678 1046 1762; x_wconf 83' lang='lat' dir='ltr'>tramite</span> <span class='ocrx_word' id='word_1_59' title='bbox 1062 1673 1230 1782; x_wconf 86' lang='lat' dir='ltr'>confert,</span> 
     </span>
    </p>

    <p class='ocr_par' dir='ltr' id='par_1_6' title="bbox 242 1842 1107 1970">
     <span class='ocr_line' id='line_1_10' title="bbox 242 1842 1107 1970; baseline 0.001 -44"><span class='ocrx_word' id='word_1_60' title='bbox 242 1842 378 1928; x_wconf 84' lang='lat' dir='ltr'>Divini</span> <span class='ocrx_word' id='word_1_61' title='bbox 390 1845 524 1958; x_wconf 84' lang='lat' dir='ltr'>jaculis</span> <span class='ocrx_word' id='word_1_62' title='bbox 541 1843 643 1930; x_wconf 89' lang='lat' dir='ltr'>hand</span> <span class='ocrx_word' id='word_1_63' title='bbox 660 1845 836 1930; x_wconf 84' lang='lat' dir='ltr'>mollibus</span> <span class='ocrx_word' id='word_1_64' title='bbox 846 1847 948 1970; x_wconf 14' lang='lat' dir='ltr'>*idion</span> <span class='ocrx_word' id='word_1_65' title='bbox 964 1846 1107 1930; x_wconf 86' lang='lat' dir='ltr'>amoris</span> 
     </span>
    </p>

    <p class='ocr_par' dir='ltr' id='par_1_7' title="bbox 145 2009 1412 2458">
     <span class='ocr_line' id='line_1_11' title="bbox 145 2009 1412 2128; baseline 0.009 -37"><span class='ocrx_word' id='word_1_66' title='bbox 145 2047 150 2056; x_wconf 87' lang='lat'>·</span> <span class='ocrx_word' id='word_1_67' title='bbox 243 2009 334 2094; x_wconf 85' lang='lat' dir='ltr'>Ibat</span> <span class='ocrx_word' id='word_1_68' title='bbox 353 2039 488 2117; x_wconf 85' lang='lat' dir='ltr'>ovans,</span> <span class='ocrx_word' id='word_1_69' title='bbox 506 2011 669 2124; x_wconf 86' lang='lat' dir='ltr'>cupidus</span> <span class='ocrx_word' id='word_1_70' title='bbox 684 2039 753 2098; x_wconf 88' lang='lat' dir='ltr'>ceu</span> <span class='ocrx_word' id='word_1_71' title='bbox 770 2015 893 2124; x_wconf 78' lang='lat' dir='ltr'>padtae</span> <span class='ocrx_word' id='word_1_72' title='bbox 911 2015 942 2096; x_wconf 91' lang='lat' dir='ltr'>it</span> <span class='ocrx_word' id='word_1_73' title='bbox 958 2015 1133 2128; x_wconf 85' lang='lat' dir='ltr'>conjugis</span> <span class='ocrx_word' id='word_1_74' title='bbox 1151 2012 1246 2096; x_wconf 86' lang='lat' dir='ltr'>olim</span> <span class='ocrx_word' id='word_1_75' title='bbox 1376 2045 1412 2104; x_wconf 85' lang='lat' dir='ltr'>rt</span> 
     </span>
     <span class='ocr_line' id='line_1_12' title="bbox 244 2177 1321 2293; baseline 0.002 -33"><span class='ocrx_word' id='word_1_76' title='bbox 244 2183 293 2260; x_wconf 90' lang='lat' dir='ltr'>In</span> <span class='ocrx_word' id='word_1_77' title='bbox 308 2177 500 2262; x_wconf 82' lang='lat' dir='ltr'>thalamos</span> <span class='ocrx_word' id='word_1_78' title='bbox 514 2180 663 2293; x_wconf 83' lang='lat' dir='ltr'>juvenis</span> <span class='ocrx_word' id='word_1_79' title='bbox 681 2182 814 2290; x_wconf 82' lang='lat' dir='ltr'>ptimae</span> <span class='ocrx_word' id='word_1_80' title='bbox 830 2178 880 2265; x_wconf 89' lang='lat' dir='ltr'>ad</span> <span class='ocrx_word' id='word_1_81' title='bbox 900 2209 1000 2265; x_wconf 89' lang='lat' dir='ltr'>nova</span> <span class='ocrx_word' id='word_1_82' title='bbox 1021 2179 1163 2292; x_wconf 90' lang='lat' dir='ltr'>gaudia</span> <span class='ocrx_word' id='word_1_83' title='bbox 1180 2178 1321 2264; x_wconf 73' lang='lat' dir='ltr'>nodbis.</span> 
     </span>
     <span class='ocr_line' id='line_1_13' title="bbox 244 2345 1097 2458; baseline 0 -30"><span class='ocrx_word' id='word_1_84' title='bbox 244 2345 443 2458; x_wconf 82' lang='lat' dir='ltr'>Siquando</span> <span class='ocrx_word' id='word_1_85' title='bbox 458 2367 591 2432; x_wconf 88' lang='lat' dir='ltr'>tamen</span> <span class='ocrx_word' id='word_1_86' title='bbox 609 2345 649 2430; x_wconf 91' lang='lat' dir='ltr'>in</span> <span class='ocrx_word' id='word_1_87' title='bbox 668 2347 753 2458; x_wconf 82' lang='lat' dir='ltr'>ripa</span> <span class='ocrx_word' id='word_1_88' title='bbox 770 2347 931 2432; x_wconf 74' lang='lat' dir='ltr'>subsistit</span> <span class='ocrx_word' id='word_1_89' title='bbox 949 2346 1097 2434; x_wconf 85' lang='lat' dir='ltr'>amoeni</span> 
     </span>
    </p>

    <p class='ocr_par' dir='ltr' id='par_1_8' title="bbox 243 2509 1224 2627">
     <span class='ocr_line' id='line_1_14' title="bbox 243 2509 1224 2627; baseline 0 -31"><span class='ocrx_word' id='word_1_90' title='bbox 243 2511 440 2620; x_wconf 79' lang='lat' dir='ltr'>Tybridis,</span> <span class='ocrx_word' id='word_1_91' title='bbox 464 2514 662 2624; x_wconf 75' lang='lat' dir='ltr'>aspectans</span> <span class='ocrx_word' id='word_1_92' title='bbox 681 2541 805 2620; x_wconf 87' lang='lat' dir='ltr'>auras,</span> <span class='ocrx_word' id='word_1_93' title='bbox 827 2515 997 2627; x_wconf 84' lang='lat' dir='ltr'>coelique</span> <span class='ocrx_word' id='word_1_94' title='bbox 1019 2509 1224 2624; x_wconf 89' lang='lat' dir='ltr'>profunda,</span> 
     </span>
    </p>

    <p class='ocr_par' dir='ltr' id='par_1_9' title="bbox 242 2679 1417 3128">
     <span class='ocr_line' id='line_1_15' title="bbox 243 2679 1281 2792; baseline -0.001 -29"><span class='ocrx_word' id='word_1_95' title='bbox 243 2682 343 2768; x_wconf 80' lang='lat' dir='ltr'>Solia</span> <span class='ocrx_word' id='word_1_96' title='bbox 359 2681 409 2767; x_wconf 90' lang='lat' dir='ltr'>ad</span> <span class='ocrx_word' id='word_1_97' title='bbox 427 2681 602 2766; x_wconf 90' lang='lat' dir='ltr'>occasum</span> <span class='ocrx_word' id='word_1_98' title='bbox 620 2682 759 2788; x_wconf 89' lang='lat' dir='ltr'>versus,</span> <span class='ocrx_word' id='word_1_99' title='bbox 787 2711 869 2766; x_wconf 90' lang='lat' dir='ltr'>non</span> <span class='ocrx_word' id='word_1_100' title='bbox 884 2703 925 2766; x_wconf 87' lang='lat' dir='ltr'>te</span> <span class='ocrx_word' id='word_1_101' title='bbox 944 2681 1118 2790; x_wconf 87' lang='lat' dir='ltr'>amplius,</span> <span class='ocrx_word' id='word_1_102' title='bbox 1140 2679 1281 2792; x_wconf 90' lang='lat' dir='ltr'>inquit,</span> 
     </span>
     <span class='ocr_line' id='line_1_16' title="bbox 242 2845 1417 2961; baseline -0.001 -33"><span class='ocrx_word' id='word_1_103' title='bbox 242 2845 434 2956; x_wconf 83' lang='lat' dir='ltr'>Aspiciam</span> <span class='ocrx_word' id='word_1_104' title='bbox 454 2848 559 2931; x_wconf 87' lang='lat' dir='ltr'>dives</span> <span class='ocrx_word' id='word_1_105' title='bbox 576 2851 707 2961; x_wconf 85' lang='lat' dir='ltr'>regnis</span> <span class='ocrx_word' id='word_1_106' title='bbox 724 2850 909 2958; x_wconf 84' lang='lat' dir='ltr'>Hispania</span> <span class='ocrx_word' id='word_1_107' title='bbox 928 2847 1082 2958; x_wconf 85' lang='lat' dir='ltr'>opimis,</span> <span class='ocrx_word' id='word_1_108' title='bbox 1376 2871 1417 2928; x_wconf 77' lang='lat' dir='ltr'>ao</span> 
     </span>
     <span class='ocr_line' id='line_1_17' title="bbox 242 3014 1140 3128; baseline -0.002 -32"><span class='ocrx_word' id='word_1_109' title='bbox 242 3014 331 3097; x_wconf 87' lang='lat' dir='ltr'>Nec</span> <span class='ocrx_word' id='word_1_110' title='bbox 349 3041 417 3096; x_wconf 84' lang='lat' dir='ltr'>voa</span> <span class='ocrx_word' id='word_1_111' title='bbox 436 3015 463 3098; x_wconf 86' lang='lat' dir='ltr'>b</span> <span class='ocrx_word' id='word_1_112' title='bbox 480 3017 615 3124; x_wconf 84' lang='lat' dir='ltr'>patriae</span> <span class='ocrx_word' id='word_1_113' title='bbox 633 3015 750 3120; x_wconf 88' lang='lat' dir='ltr'>fluvii,</span> <span class='ocrx_word' id='word_1_114' title='bbox 772 3016 926 3128; x_wconf 89' lang='lat' dir='ltr'>carique</span> <span class='ocrx_word' id='word_1_115' title='bbox 944 3036 1140 3126; x_wconf 81' lang='lat' dir='ltr'>parentes,</span> 
     </span>
    </p>

    <p class='ocr_par' dir='ltr' id='par_1_10' title="bbox 241 3180 1184 3296">
     <span class='ocr_line' id='line_1_18' title="bbox 241 3180 1184 3296; baseline -0.004 -32"><span class='ocrx_word' id='word_1_116' title='bbox 241 3182 323 3290; x_wconf 83' lang='lat' dir='ltr'>Qi</span> <span class='ocrx_word' id='word_1_117' title='bbox 338 3180 441 3290; x_wconf 87' lang='lat' dir='ltr'>spem</span> <span class='ocrx_word' id='word_1_118' title='bbox 460 3181 564 3263; x_wconf 88' lang='lat' dir='ltr'>forte</span> <span class='ocrx_word' id='word_1_119' title='bbox 584 3182 659 3264; x_wconf 88' lang='lat' dir='ltr'>mei</span> <span class='ocrx_word' id='word_1_120' title='bbox 679 3183 824 3266; x_wconf 83' lang='lat' dir='ltr'>reditus</span> <span class='ocrx_word' id='word_1_121' title='bbox 844 3183 1000 3296; x_wconf 85' lang='lat' dir='ltr'>agitatis</span> <span class='ocrx_word' id='word_1_122' title='bbox 1017 3181 1184 3263; x_wconf 87' lang='lat' dir='ltr'>inanem.</span> 
     </span>
    </p>

    <p class='ocr_par' dir='ltr' id='par_1_11' title="bbox 240 3303 1160 3460">
     <span class='ocr_line' id='line_1_19' title="bbox 240 3303 1160 3460; baseline 0.001 -30"><span class='ocrx_word' id='word_1_123' title='bbox 240 3348 382 3460; x_wconf 91' lang='lat' dir='ltr'>Tuque</span> <span class='ocrx_word' id='word_1_124' title='bbox 399 3349 427 3432; x_wconf 85' lang='lat' dir='ltr'>d</span> <span class='ocrx_word' id='word_1_125' title='bbox 444 3347 566 3452; x_wconf 88' lang='lat' dir='ltr'>Tybri</span> <span class='ocrx_word' id='word_1_126' title='bbox 582 3303 690 3430; x_wconf 79' lang='lat' dir='ltr'>vale!</span> <span class='ocrx_word' id='word_1_127' title='bbox 718 3351 836 3434; x_wconf 86' lang='lat' dir='ltr'>colles</span> <span class='ocrx_word' id='word_1_128' title='bbox 856 3349 997 3434; x_wconf 86' lang='lat' dir='ltr'>salvete</span> <span class='ocrx_word' id='word_1_129' title='bbox 1014 3348 1160 3434; x_wconf 88' lang='lat' dir='ltr'>Latini!</span> 
     </span>
    </p>

    <p class='ocr_par' dir='ltr' id='par_1_12' title="bbox 240 3507 1222 3634">
     <span class='ocr_line' id='line_1_20' title="bbox 240 3507 1222 3634; baseline 0 -38"><span class='ocrx_word' id='word_1_130' title='bbox 240 3507 355 3634; x_wconf 82' lang='lat' dir='ltr'>Qos</span> <span class='ocrx_word' id='word_1_131' title='bbox 372 3517 491 3619; x_wconf 89' lang='lat' dir='ltr'>colui,</span> <span class='ocrx_word' id='word_1_132' title='bbox 519 3513 680 3598; x_wconf 88' lang='lat' dir='ltr'>heroum</span> <span class='ocrx_word' id='word_1_133' title='bbox 701 3517 836 3600; x_wconf 90' lang='lat' dir='ltr'>tumuli</span> <span class='ocrx_word' id='word_1_134' title='bbox 860 3517 1082 3627; x_wconf 86' lang='lat' dir='ltr'>sacrataque</span> <span class='ocrx_word' id='word_1_135' title='bbox 1099 3515 1222 3621; x_wconf 86' lang='lat' dir='ltr'>busta,</span> 
     </span>
    </p>

    <p class='ocr_par' dir='ltr' id='par_1_13' title="bbox 238 3681 1417 3960">
     <span class='ocr_line' id='line_1_21' title="bbox 238 3681 1417 3776; baseline -0.003 -10"><span class='ocrx_word' id='word_1_136' title='bbox 238 3683 330 3766; x_wconf 91' lang='lat' dir='ltr'>Nec</span> <span class='ocrx_word' id='word_1_137' title='bbox 348 3709 409 3766; x_wconf 92' lang='lat' dir='ltr'>me</span> <span class='ocrx_word' id='word_1_138' title='bbox 427 3681 558 3766; x_wconf 69' lang='lat' dir='ltr'>sanda</span> <span class='ocrx_word' id='word_1_139' title='bbox 574 3683 678 3768; x_wconf 86' lang='lat' dir='ltr'>urbia</span> <span class='ocrx_word' id='word_1_140' title='bbox 696 3681 856 3767; x_wconf 78' lang='lat' dir='ltr'>delubra</span> <span class='ocrx_word' id='word_1_141' title='bbox 874 3683 1054 3768; x_wconf 80' lang='lat' dir='ltr'>videbitis</span> <span class='ocrx_word' id='word_1_142' title='bbox 1073 3684 1195 3767; x_wconf 87' lang='lat' dir='ltr'>ultra:</span> <span class='ocrx_word' id='word_1_143' title='bbox 1379 3707 1417 3776; x_wconf 74' lang='grc' dir='ltr'>ις</span> 
     </span>
     <span class='ocr_line' id='line_1_22' title="bbox 238 3849 1236 3960; baseline 0.003 -31"><span class='ocrx_word' id='word_1_144' title='bbox 238 3855 309 3930; x_wconf 89' lang='lat' dir='ltr'>Me</span> <span class='ocrx_word' id='word_1_145' title='bbox 328 3849 440 3934; x_wconf 91' lang='lat' dir='ltr'>terris</span> <span class='ocrx_word' id='word_1_146' title='bbox 459 3849 619 3932; x_wconf 82' lang='lat' dir='ltr'>meliora</span> <span class='ocrx_word' id='word_1_147' title='bbox 638 3874 782 3934; x_wconf 87' lang='lat' dir='ltr'>vocant</span> <span class='ocrx_word' id='word_1_148' title='bbox 802 3880 904 3934; x_wconf 89' lang='lat' dir='ltr'>nunc</span> <span class='ocrx_word' id='word_1_149' title='bbox 919 3852 1063 3960; x_wconf 89' lang='lat' dir='ltr'>templa</span> <span class='ocrx_word' id='word_1_150' title='bbox 1082 3851 1236 3933; x_wconf 63' lang='lat' dir='ltr'>relictis.</span> 
     </span>
    </p>
   </div>
   <div class='ocr_carea' id='block_1_3' title="bbox 238 4017 1309 4130">
    <p class='ocr_par' dir='ltr' id='par_1_14' title="bbox 238 4017 1309 4130">
     <span class='ocr_line' id='line_1_23' title="bbox 238 4017 1309 4130; baseline -0.002 -30"><span class='ocrx_word' id='word_1_151' title='bbox 238 4019 335 4100; x_wconf 82' lang='lat' dir='ltr'>Haec</span> <span class='ocrx_word' id='word_1_152' title='bbox 350 4017 420 4123; x_wconf 90' lang='lat' dir='ltr'>ait,</span> <span class='ocrx_word' id='word_1_153' title='bbox 441 4019 725 4130; x_wconf 81' lang='lat' dir='ltr'>unigenamque</span> <span class='ocrx_word' id='word_1_154' title='bbox 745 4019 923 4130; x_wconf 86' lang='lat' dir='ltr'>flagranti</span> <span class='ocrx_word' id='word_1_155' title='bbox 943 4019 1103 4128; x_wconf 70' lang='lat' dir='ltr'>pedore</span> <span class='ocrx_word' id='word_1_156' title='bbox 1119 4017 1309 4100; x_wconf 78' lang='lat' dir='ltr'>Chriibrm</span> 
     </span>
    </p>
   </div>
   <div class='ocr_carea' id='block_1_4' title="bbox 239 4183 1419 4437">
    <p class='ocr_par' dir='ltr' id='par_1_15' title="bbox 239 4183 1419 4437">
     <span class='ocr_line' id='line_1_24' title="bbox 239 4183 1358 4296; baseline -0.009 -24"><span class='ocrx_word' id='word_1_157' title='bbox 239 4183 425 4272; x_wconf 76' lang='lat' dir='ltr'>versabat</span> <span class='ocrx_word' id='word_1_158' title='bbox 442 4210 591 4274; x_wconf 88' lang='lat' dir='ltr'>mernor</span> <span class='ocrx_word' id='word_1_159' title='bbox 600 4230 613 4286; x_wconf 86' lang='lat'>;</span> <span class='ocrx_word' id='word_1_160' title='bbox 643 4184 744 4270; x_wconf 91' lang='lat' dir='ltr'>hunc</span> <span class='ocrx_word' id='word_1_161' title='bbox 764 4212 874 4267; x_wconf 89' lang='lat' dir='ltr'>amor</span> <span class='ocrx_word' id='word_1_162' title='bbox 895 4185 1036 4296; x_wconf 84' lang='lat' dir='ltr'>ingerit</span> <span class='ocrx_word' id='word_1_163' title='bbox 1055 4183 1196 4269; x_wconf 86' lang='lat' dir='ltr'>offibus</span> <span class='ocrx_word' id='word_1_164' title='bbox 1213 4186 1358 4296; x_wconf 88' lang='lat' dir='ltr'>ignem.</span> 
     </span>
     <span class='ocr_line' id='line_1_25' title="bbox 1336 4353 1419 4437; baseline 0.012 -1"><span class='ocrx_word' id='word_1_165' title='bbox 1336 4353 1419 4437; x_wconf 91' lang='lat' dir='ltr'>Cui</span> 
     </span>
    </p>
   </div>
   <div class='ocr_carea' id='block_1_5' title="bbox 0 0 1588 5190">
    <p class='ocr_par' dir='ltr' id='par_1_16' title="bbox 0 0 1588 5190">
     <span class='ocr_line' id='line_1_26' title="bbox 0 0 1588 5190; baseline 0 0"><span class='ocrx_word' id='word_1_166' title='bbox 0 0 1588 5190; x_wconf 95' lang='lat' dir='ltr'> </span> 
     </span>
    </p>
   </div>
  </div>
 </body>
</html>
