3168 5190
357 281 541 362 Humur
579 293 640 356 or
673 271 841 356 Rarus
876 269 1115 357 Drvrnrr.
1241 303 1316 378 213

150 497 304 608 Erigor,
329 503 372 579 δι
387 489 537 576 tumulo
550 486 722 574 divinum
738 487 918 599 imwnet
934 486 1139 572 honorem.

150 665 220 750 Tu
235 629 591 770 vero‚‚veneran'de
607 681 718 766 puer,
743 651 972 741 sanniffima
988 657 1099 740 cotlo

151 831 288 944 Digna
303 827 446 936 anima,
461 821 623 909 informi
633 815 812 934 quaefitos
828 839 957 906 morte
975 819 1193 934 triumphos
1264 855 1316 916 ης

151 1001 285 1083 Laetus
301 992 405 1089 adies
430 990 562 1104 potuit
579 987 760 1074 mortalit
775 990 950 1074 membra
966 1008 1163 1096 tyrannus,

151 1171 208 1248 Et
224 1187 364 1274 corpus
380 1158 487 1244 saevis
502 1157 576 1242 tibi
591 1156 719 1245 vivum
736 1182 898 1242 exurere
914 1155 1100 1255 dammim

152 1333 254 1416 Non
266 1327 388 1417 valuit
403 1347 445 1412 te
464 1323 631 1432 sydereis
649 1342 823 1410 avertere
836 1325 978 1440 regnis,

152 1495 223 1580 Est
237 1494 303 1580 ubi
325 1521 416 1582 vera
432 1492 557 1607 quies,
581 1517 775 1604 nunquam
793 1493 964 1602 peritura
979 1489 1169 1601 voluptas.

152 1659 226 1745 Ille
241 1661 356 1748 avido
372 1659 567 1773 insontem
581 1659 673 1746 dum
690 1659 770 1744 fert
785 1658 1004 1769 rependere
1021 1657 1153 1765 corde,
1261 1675 1319 1732 :to
1400 1627 1403 1636 ⁸

152 1830 343 1933 Servavit,
367 1824 599 1940 cupidusque
616 1823 785 1913 nocendi
796 1825 944 1936 profuit
962 1825 1065 1937 igni3

151 1999 262 2080 Nam
280 1993 352 2078 tibi
367 1994 445 2078 fine
462 2019 597 2079 carens
616 2013 727 2104 parta
743 1993 798 2076 est
816 1993 857 2076 in
871 1991 1007 2076 funere
1021 1993 1114 2097 vita,

151 2164 289 2246 Partus
305 2160 431 2246 honos
447 2161 676 2274 ignominia,
703 2177 818 2270 atque
836 2159 878 2242 in
895 2157 1000 2244 caede
1014 2155 1239 2268 triumphus.

154 2327 218 2411 Sic
234 2327 395 2414 flammis
412 2327 517 2414 ultro
534 2327 680 2411 senium
697 2327 803 2410 exuit
820 2324 1056 2432 uniendos,
1191 2355 1195 2364 ’

151 2491 483 2579 Purius&multo
501 2493 549 2580 fic
567 2517 699 2576 aurum
718 2489 893 2578 redditur
910 2493 1014 2606 igne.
1257 2513 1311 2586 ²⁸5

150 2659 272 2745 Nunc
289 2659 363 2743 tibi
377 2660 517 2771 adepta
532 2661 639 2774 quies
656 2660 748 2744 coeli
767 2659 807 2740 in
824 2657 1083 2768 penetralibus
1101 2657 1187 2744 altit

151 2835 368 2936 Purpureos
383 2825 486 2909 inter
500 2852 692 2936 proceres,
719 2824 785 2936 qui
803 2824 986 2936 sanguine
1001 2823 1087 2908 fuso
1186 2901 1189 2908 .

150 2997 224 3076 Per
240 2992 344 3076 varia
360 3009 543 3076 aeternam
563 3011 785 3076 meruerunt
800 2988 934 3076 fimera
949 2991 1129 3102 palmam,
1231 2960 1242 2974 .

150 3161 282 3271 Atque
300 3157 462 3243 humiles
479 3160 582 3244 celso
598 3175 795 3242 mutarunt
815 3158 962 3242 aethere
980 3157 1097 3242 sedes.

150 3325 316 3436 Respice
331 3353 404 3410 nos
418 3323 526 3430 inde,
543 3336 584 3410 δι
603 3325 721 3408 nostri
738 3325 915 3408 miserere
930 3295 1110 3408 laboriss'
1210 3301 1218 3312 ’
1258 3359 1313 3420 ⁸9·

149 3491 474 3604 Quandoquidem
494 3512 659 3604 regnant
676 3510 775 3602 quot
791 3488 924 3574 nostro
938 3491 979 3573 in
995 3493 1154 3598 perstore
1172 3517 1285 3597 turae,

149 3655 337 3769 Undique
356 3686 451 3771 quas
468 3657 580 3742 nobis
596 3657 698 3743 acuit
714 3684 794 3740 non
813 3684 889 3741 una
906 3655 1040 3760 libido,

147 3823 293 3908 Nostra
311 3845 374 3910 tot
391 3823 605 3910 incendunt
623 3822 725 3905 intus
742 3824 953 3933 prae'cordia
970 3823 1148 3928 flanmae,

148 3991 248 4099 Qae
262 4019 334 4077 nos
351 3991 449 4103 saepe
465 3990 551 4102 ipfis
567 3989 678 4074 nobis
697 3989 886 4093 furantur,
910 4009 1104 4102 aguntque
1237 3957 1239 3962 ⁵

145 4158 377 4271 Praecipites,
397 4157 516 4244 nostri
531 4155 690 4264 oblitos,
708 4157 868 4264 rationis
884 4157 1029 4246 inanes.
