3160 5198
246 317 323 368 122
469 289 650 366 Manet
688 287 1012 370 Hrrtrottrmr
1051 291 1186 376 Vtut

240 499 358 586 Primi
374 499 577 585 hominum
594 521 637 584 nt
652 501 775 584 lueret
794 497 912 584 scelus
929 502 1084 588 exitiale
1099 531 1238 592 cruore

242 669 329 780 Ipse
345 669 426 773 suo,
446 667 689 780 moriensque
702 693 824 782 genua
843 667 1010 754 mortale
1026 673 1173 782 piaret:
1364 711 1435 768 ¹95

100 847 103 855 '
242 836 290 921 ld
307 835 489 952 placitum
508 835 610 944 patri
628 855 830 936 aetemum,
856 835 1040 948 coeloque
1054 837 1221 922 sedebat.

242 1002 290 1088 Id
305 1029 461 1115 quoque
479 1003 631 1086 venturi
649 1003 761 1116 virgo
779 1021 822 1084 tu
841 1003 994 1110 praescia
1014 1011 1141 1109 notas,

240 1171 397 1255 conda
411 1168 534 1253 oblita
551 1170 656 1253 velut
674 1187 820 1272 tamen,
842 1189 961 1280 atque
975 1169 1111 1281 ignara
1127 1171 1330 1275 malorum,

241 1339 408 1447 (santus
425 1362 536 1420 amor
549 1337 694 1444 matris)
713 1333 859 1418 crudeli
876 1335 979 1420 vidia
997 1336 1133 1422 dolore
1150 1365 1203 1421 es.

242 1509 365 1588 Fama
380 1524 465 1587 tuas
486 1503 592 1588 simul
610 1529 656 1586 ac
675 1499 866 1586 saeviffima
880 1503 1045 1611 perculit
1061 1531 1182 1624 aures,
1358 1534 1433 1578 ιοο

242 1677 352 1756 Heu!
374 1688 505 1754 natum
520 1668 663 1754 scelere
679 1687 883 1778 exceptum
903 1667 1119 1782 insidiisque
1134 1668 1290 1754 suorum

242 1836 471 1950 Unigenam
489 1832 656 1920 summos
675 1833 867 1918 foedatum
885 1833 1109 1921 immaniter
1125 1858 1230 1920 artus

243 2000 369 2086 Trudi
384 2001 434 2086 ad
447 1999 685 2112 supplicium,
695 2022 812 2112 atque
825 2002 974 2086 trabem
985 2003 1067 2116 jam
1081 2005 1177 2086 stare
1192 1997 1430 2099 nefandam

243 2169 411 2254 Exiliille
430 2167 562 2251 ferunt
581 2165 706 2250 subito
722 2187 831 2250 extra
850 2168 1012 2271 moenia,
1031 2179 1071 2252 &
1090 2196 1227 2254 omnes

243 2337 308 2420 Te
326 2335 514 2448 plangore
528 2333 622 2440 vias,
648 2333 884 2446 queruloque
905 2333 1074 2442 impleffe
1090 2335 1247 2420 ululatu.
1360 2365 1421 2426 ²05

244 2501 386 2612 Qalis
402 2501 481 2585 avis
498 2501 605 2612 pastu
621 2497 787 2606 rediens,
806 2501 867 2585 cui
885 2501 1016 2608 pastor
1034 2502 1083 2585 ab
1098 2503 1176 2586 alta

245 2669 400 2754 Arbore
416 2667 633 2778 suspensum
648 2665 781 2752 nidum
799 2666 955 2779 dejecit,
978 2667 1162 2754 &aufert

246 2837 457 2946 Implumes
474 2829 596 2918 foetus
614 2840 735 2919 etiarn
752 2861 854 2922 nunc
871 2861 942 2920 ore
959 2855 1186 2945 querentem

246 3003 322 3088 llla
339 3003 446 3085 volat
461 3001 622 3084 circum:
652 2999 718 3086 vix
737 2999 776 3084 se
798 2999 964 3111 raptoris
978 2998 1027 3082 ab
1044 3025 1116 3084 ore

244 3169 476 3276 Temperat,
503 3175 544 3250 δι
561 3165 731 3298 querulis
749 3167 828 3252 late
844 3167 931 3252 loca
948 3161 1105 3250 vocibus
1124 3168 1272 3279 implet.
1359 3203 1421 3249 ιι.

245 3337 361 3420 Tunc
375 3353 444 3418 tua
459 3331 676 3416 inhumanat
690 3331 879 3419 mistratae
896 3328 1144 3418 incommoda
1160 3361 1288 3446 rupes,

245 3509 378 3614 Atque
394 3523 466 3585 tuo
481 3524 606 3584 aeteae
618 3499 730 3605 sylvae
744 3500 904 3584 doluere
923 3499 1073 3584 dolore.

244 3671 317 3758 Ast
335 3667 400 3752 ubi
419 3665 656 3778 pendentem
672 3665 781 3750 ferali
799 3667 942 3760 robore
961 3693 1082 3778 porto

244 3835 380 3926 Vidisti
397 3857 674 3947 approperans,
700 3833 903 3946 mediaque
919 3835 959 3920 iu
976 3855 1105 3918 morte
1124 3833 1249 3920 teneri

244 4006 466 4117 Judantem
485 3997 562 4082 huc
579 3995 668 4083 illuc
684 3999 833 4110 oculos,
849 4001 877 4086 fi
893 4001 998 4085 forte
1013 3999 1169 4084 suorum
1358 4033 1416 4094 ²¹5

242 4169 401 4282 Siquem
417 4163 520 4253 forte
536 4162 615 4250 alas
631 4161 804 4250 inimicat
824 4183 1004 4256 cerneret
1020 4167 1138 4274 inter,

1336 4335 1423 4418 De·
