3160 5198
268 301 348 390 156
484 291 669 370 Mirer
708 293 1038 376 Hrrnonumr
1074 293 1217 376 Vrua

324 561 1383 778 utrumnum

532 863 1165 995 APOSTOLO.

162 1269 166 1284 .
428 1171 601 1284 CQJA
618 1167 724 1254 leves
738 1167 839 1252 adeo
859 1167 898 1254 se
914 1172 1009 1257 coeli
1025 1171 1198 1256 ardentis
1216 1170 1256 1255 in
1271 1202 1378 1262 auras

265 1185 420 1558 E
444 1345 570 1431 Tollit
584 1346 686 1429 avis?
706 1342 1007 1432 viden'utceleri
1020 1347 1131 1455 super
1147 1347 1292 1431 aethera
1305 1353 1432 1458 penna

340 1625 342 1630 Ι
448 1520 598 1628 Euarit,
617 1517 828 1631 liquidique
846 1517 949 1603 secet
964 1518 1099 1632 supera
1113 1521 1233 1606 ardua
1251 1524 1405 1608 mundi?¹

262 1689 326 1772 Ut
344 1689 482 1772 nostris
500 1691 629 1773 ablata
646 1687 781 1792 oculis,
803 1687 864 1771 vir
882 1686 1049 1801 denique
1067 1683 1144 1771 visa

187 1889 193 1932 t
262 1849 385 1940 Radit
403 1857 479 1940 iter
495 1857 596 1941 sacili
614 1856 732 1965 lapsu,
759 1883 887 1969 neque
901 1857 1055 1940 conciet
1072 1854 1175 1942 alas?
1411 1897 1426 1953 ς

261 2013 374 2098 Stare
391 2037 519 2126 putes,
541 2045 613 2102 nee
631 2016 795 2130 grefl'um
815 2018 969 2128 usquam
986 2012 1162 2125 proferre
1178 2019 1360 2110 volando·

260 2183 561 2270 AEthereiscoeli
578 2185 754 2270 libratam
773 2210 914 2295 corpur
934 2185 971 2266 in
990 2185 1088 2270 auris
1099 2227 1112 2283 ς

184 2391 189 2405 ·
261 2351 339 2436 Sed
359 2355 514 2439 tacitam
532 2352 658 2436 secum
676 2350 826 2438 coelesti
844 2350 884 2434 in
900 2351 1045 2440 lumine
1062 2379 1156 2463 pura

259 2519 364 2606 luce
381 2517 469 2629 frui,
492 2520 725 2632 propiusque
739 2547 840 2632 vago
856 2517 1057 2608 succedere
1074 2521 1154 2604 Soli

261 2687 522 2793 Gaudentem,
540 2701 580 2776 &
599 2685 765 2800 liquidus
783 2685 899 2772 oculis
917 2685 1115 2796 depascier
1134 2688 1258 2802 ignes,
1394 2723 1429 2778 ro.

260 2855 421 2941 Obtutu
437 2855 664 2960 haerentem,
690 2855 780 2940 lucis
799 2851 1000 2938 dulcedine
1019 2855 1124 2936 mira.
1277 2867 1280 2872 '

259 3019 1425 3150 Qodgenushocvolucrum?neq3enimreginavolanturnq

258 3189 409 3300 Qaeve
424 3191 541 3274 altam
558 3215 712 3299 praepes.
723 3187 834 3301 supra
853 3186 960 3273 volat
977 3187 1094 3272 ardea
1111 3193 1263 3281 nubem.

256 3357 475 3439 Fortunate
494 3357 589 3444 ales!
612 3383 688 3466 qua
707 3377 747 3440 te
762 3357 812 3442 de
830 3374 949 3472 gente
967 3356 1178 3462 volucrum,

256 3521 350 3635 Qu
369 3521 419 3606 de
437 3525 553 3633 stirpe
572 3530 681 3617 rear?
708 3522 951 3636 nequeenim
974 3543 1014 3604 te
1032 3546 1203 3644 praepete
1222 3525 1350 3635 pluma
1389 3559 1419 3616 ις

255 3689 391 3776 Credo
405 3691 584 3802 equidem
603 3687 760 3796 fretum,
787 3719 912 3804 neque
930 3690 1035 3775 enim
1053 3693 1268 3804 pernicibus
1282 3695 1360 3798 alis,

254 3861 443 3942 Humano
462 3857 527 3941 sed
545 3878 585 3940 te
605 3858 736 3967 potius
755 3858 804 3941 de
823 3857 967 3942 semine
982 3884 1152 3943 cretum:

254 4025 437 4137 Quisquis
453 4051 507 4130 es,
531 4053 698 4138 auguror
716 4025 816 4126 haud
836 4026 974 4108 nostrae
994 4026 1154 4110 rationis
1175 4028 1340 4110 inanem.

253 4193 345 4278 Nec
361 4213 493 4278 tamen
508 4189 678 4308 agnosco
697 4193 899 4302 corpusne,
920 4221 969 4274 an
990 4193 1166 4301 corporis
1183 4221 1334 4304 expers:

1304 4359 1418 4477 Qic-
