3168 5190
379 247 565 328 Hrmnr
606 262 667 320 nr
703 242 868 322 Rarus
906 244 1142 325 Drvrtrrs.
1260 273 1344 342 -251

143 426 152 444 ⁹
174 459 374 565 Luxuriat,
396 458 521 542 finon
536 457 643 542 ostro
658 457 811 569 fulgens
829 457 1052 567 comitatus,
1146 553 1149 560 ¹
1312 491 1349 534 ιο

175 632 232 712 At
250 628 378 711 secuta
394 626 516 737 quies,
544 623 693 710 &raris
710 646 806 708 nota
824 626 1022 734 voluptas:

174 799 231 878 At
251 794 324 878 tibi
344 793 588 902 tranquillam
609 793 849 902 permulcent
870 795 952 878 otia
971 814 1157 899 mentem,

175 963 275 1045 Otia
294 964 395 1067 laeta,
415 959 552 1072 quibus
572 960 754 1042 mortales
772 960 934 1068 pestore
948 947 1056 1044 cura's

174 1135 322 1212 Exutus
337 1153 457 1210 vacuo
471 1127 645 1240 egregias
661 1125 904 1236 ampledleris
920 1148 1037 1230 artes,

175 1295 310 1405 Atque
329 1295 457 1378 choris
474 1320 597 1404 prope
613 1319 684 1403 par
699 1292 806 1407 degis
823 1294 1045 1380 coelestibus
1063 1319 1201 1397 aevum,

173 1463 328 1574 Regum
349 1461 495 1570 sceptra
514 1461 646 1545 animo
663 1457 858 1570 superans,
877 1459 1033 1573 ipsaque
1049 1462 1187 1546 beatus

174 1629 377 1736 Pauperie,
399 1627 504 1711 duris
518 1627 610 1710 dum
630 1653 739 1736 pares
758 1628 907 1741 legibus
922 1629 1036 1712 ultro.

173 1797 391 1877 Fortunate
406 1793 544 1879 animi!
566 1795 742 1906 egregias
759 1793 942 1878 divinitus
960 1816 1061 1878 artes

174 1959 253 2043 Hic
267 1959 481 2072 hamisque,
504 1941 693 2072 cellisque,
717 1961 787 2043 tibi
806 1959 844 2044 se
862 1964 966 2046 resta
980 1961 1168 2074 loquendi

175 2127 363 2212 Ostendit
381 2129 481 2210 ratio
502 2130 541 2212 in
558 2128 684 2212 dubiis
699 2129 779 2211 veri
795 2128 975 2214 omnibus
990 2129 1125 2236 index,

173 2295 240 2374 Ne
257 2296 343 2404 quis
360 2295 483 2378 fallaci
503 2295 681 2377 tenebras
700 2294 922 2392 offitnderet
940 2297 1022 2380 astu

171 2459 405 2569 Verborum,
429 2462 635 2572 &nigram
654 2460 746 2544 lucis
766 2463 833 2544 sub
853 2464 1019 2578 imagine
1039 2464 1210 2560 nostem.

173 2626 251 2709 Hic
266 2627 381 2710 etiam
399 2628 554 2740 penitus
569 2626 647 2712 sese
663 2628 771 2714 omni
790 2655 836 2710 ex
856 2652 968 2738 parte
984 2628 1191 2716 videndam

173 2792 360 2877 Ostendit
380 2799 534 2878 Natura
553 2821 690 2904 parens
706 2794 777 2874 tibi
795 2793 943 2886 daedala
959 2823 1102 2900 rerum,

173 2965 225 3041 Et
242 2959 368 3046 causas
385 2963 539 3070 penitus
560 2960 668 3045 dedit
688 2961 765 3044 alte
784 2961 924 3046 accesse
941 2963 1125 3073 repostas.

173 3119 334 3235 Insuper
350 3129 494 3212 &coeli
512 3155 705 3234 numeros,
727 3127 966 3240 mensusque,
989 3130 1156 3242 viasque,

172 3301 225 3378 Et
245 3292 402 3402 superos
425 3296 550 3405 aperis
568 3320 698 3379 motus
714 3297 880 3403 ratione,
901 3326 973 3383 nec
989 3299 1063 3384 ulla
1080 3297 1137 3380 est

172 3463 248 3544 Ars
267 3458 440 3570 usquam,
462 3463 585 3548 dotto
604 3491 720 3576 quam
736 3491 818 3547 non
835 3462 1046 3575 vulgaveris
1063 3491 1154 3550 ore:

170 3629 334 3712 Peslore
351 3629 403 3711 nil
420 3629 671 3737 intentatum,
699 3631 753 3712 nil
777 3631 914 3740 linquis
930 3629 1115 3718 inausum.

170 3791 278 3908 Qid
297 3797 392 3880 resti
411 3824 502 3880 mox
517 3824 588 3906 per
605 3794 767 3904 populos
782 3817 976 3906 praecepta
990 3815 1210 3900 canentem,

169 3961 442 4074 Unigenaeque
457 3963 552 4069 Dei,
571 3983 824 4073 veterumque
842 3963 995 4048 oracula
1010 3983 1143 4048 vatum

167 4129 409 4212 Pandentem
429 4129 620 4218 reseram?
648 4127 828 4214 mortalia
842 4129 1003 4238 pestora
1020 4129 1100 4214 veri

844 4305 864 4382 1
884 4296 900 4379 i
923 4325 949 4384 a
