3168 5190
367 255 553 336 Huurrrr
587 269 647 330 un
682 249 850 332 Rruus
885 248 1126 338 Drvruus.
1250 277 1326 360 24¹

159 470 321 558 Occidis
339 471 367 552 ὀ
384 469 506 553 nostri
520 467 651 572 decus,
678 475 718 551 δι
735 464 799 549 lux
817 465 930 551 unica
948 463 1058 552 secli!

159 638 334 743 Occidis,
361 647 402 722 δι
419 634 565 720 rursum
582 663 653 718 nos
669 632 747 716 alta
764 632 807 716 in
821 633 941 717 noete
957 633 1156 748 relinquis!

159 805 226 888 Te
242 804 451 909 moriente,
470 801 580 886 fimul
597 821 687 883 toto
702 797 898 884 detrudius
915 801 1091 912 Olympo

162 967 233 1054 Sol
250 970 418 1082 penitus,
438 967 625 1082 rebusque
640 966 793 1051 videtur
810 965 943 1050 lumen
958 966 1205 1078 ademptum:
1295 1000 1339 1070 9·

161 1139 213 1218 In
228 1138 336 1250 pejus
355 1136 434 1250 jam
450 1161 609 1220 cernere
625 1131 702 1217 erit
716 1158 829 1218 ruere
843 1135 979 1218 omnia
995 1135 1155 1243 rursum,

161 1307 217 1384 Et
232 1301 333 1387 bene
349 1321 486 1414 coepta
500 1301 641 1384 iterum
660 1318 769 1385 retro
785 1299 963 1412 prolapsa
981 1297 1128 1387 referri.

162 1471 227 1551 Ut
241 1498 315 1581 pro
333 1489 373 1556 te
388 1469 636 1554 canstantem
652 1467 821 1554 animam
837 1467 945 1579 prior
961 1466 1042 1578 ipse
1059 1469 1260 1584 dedissem,

163 1635 481 1748 Tercentumque
495 1637 573 1742 alii,
592 1661 757 1747 quorum
772 1633 898 1718 miuus
917 1634 1020 1736 utilis
1037 1659 1145 1748 aetas,

162 1807 216 1886 Et
234 1804 366 1906 virtus,
393 1802 516 1916 longo
534 1819 577 1886 tu
596 1803 678 1886 vita
693 1801 849 1914 dignior
866 1814 972 1888 aevo!
1018 1831 1020 1836 ·
1297 1838 1337 1908 ,ς

162 1973 252 2082 Ipse
268 1971 363 2056 mihi
381 1969 422 2052 in
439 1971 546 2054 cuuis
560 1966 697 2054 videor
711 1993 784 2053 ceu
800 1968 980 2054 mollibus
995 1967 1125 2055 infans

161 2140 366 2244 Desertus,
388 2135 516 2220 media
533 2161 648 2245 quem
667 2133 824 2220 somnus
839 2137 957 2222 noete
973 2137 1144 2252 reliquit,

164 2306 266 2391 Cum
283 2305 352 2391 fibi
370 2303 528 2389 nutricis
542 2299 660 2386 sentit
678 2299 811 2385 solatia
828 2300 971 2388 blanda

163 2473 320 2578 Deeffe,
343 2474 472 2558 locum
490 2466 659 2583 querulis
674 2495 834 2554 omnem
849 2469 1042 2581 vagitibus
1058 2471 1211 2582 implet.

166 2639 287 2752 Cujus
301 2664 379 2752 ego
392 2635 596 2724 admonitu
614 2635 772 2747 posthac
787 2661 1025 2747 componere
1041 2636 1185 2724 vitam!
1284 2670 1339 2720 roe

145 2805 283 2919 *Cujus
302 2832 379 2920 ego
396 2801 581 2917 impreffis
597 2803 671 2888 niti
688 2803 844 2918 vestigia
858 2801 996 2916 figuis!

164 2972 262 3086 Qu
275 2972 376 3058 duce
391 2969 553 3056 tendere
571 2971 647 3054 iter
666 2989 810 3082 potero
825 2995 897 3079 per
913 2968 1025 3056 devia
1038 2983 1241 3081 coeptum!

164 3137 324 3226 Circum
338 3157 472 3224 errant
485 3137 645 3244 umbrae,
672 3135 917 3249 tenebrisque
933 3137 1112 3226 involvor
1129 3137 1302 3238 obortis3

164 3305 332 3417 Jamque
346 3305 568 3417 magisterii,
589 3303 849 3418 quodcunque
862 3305 932 3409 est,
953 3305 1126 3414 poenitet
1140 3305 1272 3419 huius:

165 3471 412 3582 Qipotero
425 3470 502 3556 dux
517 3469 592 3554 effe
606 3471 688 3556 aliis
705 3469 921 3554 errantibus
938 3469 1018 3582 ipse
1282 3505 1335 3573 105

164 3635 338 3747 Oblitus,
356 3649 397 3726 &
413 3637 535 3751 nigrae
550 3640 676 3724 nostis
691 3639 856 3754 caligine
870 3637 1030 3749 preffus!

164 3805 232 3890 Tu
245 3803 342 3890 mihi
365 3803 497 3890 lumen
514 3817 615 3889 eras!
643 3827 687 3889 tu
702 3803 785 3890 fax!
814 3825 857 3888 tu
871 3803 1036 3920 praeuius
1052 3804 1172 3916 iguis!
1228 3857 1232 3864 ,

164 3970 228 4056 Te
245 3971 325 4056 fine
342 3973 397 4058 nil
411 3971 538 4059 dubiis
557 3971 775 4124 mihiomeus
789 3969 988 4058 confidere
1004 3966 1140 4054 rebus!

164 4141 308 4224 Omnis
327 4139 458 4226 nostra
475 4141 578 4254 perit
591 4139 747 4251 penitus
764 4136 902 4226 fiducia
917 4147 1072 4224 tecum!

900 4301 990 4392 Hh
1259 4300 1338 4404 Tu,
