3180 5184
336 307 521 386 Huuur
558 327 620 382 ns
649 301 818 385 Rnnus
852 305 1094 392 D1v1u1s.
1251 339 1297 415 37

155 517 260 602 Arma
275 517 439 626 inimica,
458 519 577 624 viros,
597 518 798 630 currusque
816 519 885 606 sub
902 549 1058 634 aequore
1075 526 1228 640 mergis,

154 692 201 770 Et
213 685 337 771 duram
352 694 561 799 AEgyptum
575 659 903 797 ludluprosternis
922 716 1067 798 amaro,

154 853 268 966 Qam
286 881 367 938 non
382 853 459 938 ulla
477 852 580 964 prius
597 873 809 961 potuerunt
826 851 931 941 edita
946 856 1053 942 coelo

151 1019 313 1104 Flectere
330 1019 437 1133 figna
454 1021 520 1105 irae
538 1019 703 1105 coelestis
722 1022 858 1105 nuntia
875 1021 1057 1108 monstra.

150 1185 206 1272 Tu
220 1210 330 1296 potes
346 1183 501 1272 hostiles
514 1187 626 1273 nullo
642 1187 762 1274 ariete
780 1209 932 1275 vertere
945 1217 1076 1278 muros
1244 1216 1296 1286 trs

152 1351 207 1436 nd
220 1353 339 1440 solum
358 1355 567 1440 clamorem
584 1353 798 1467 hominum,
821 1357 1067 1470 sonitumque
1083 1356 1271 1444 tubarum.

149 1517 220 1625 Tu,
239 1521 390 1633 quoties
409 1553 520 1636 opus,
539 1519 705 1610 insolitis
720 1524 928 1610 terroribus
942 1523 1042 1610 hosti

146 1686 314 1774 Adverso
330 1691 508 1778 immittis
525 1688 776 1803 tenebrasque
794 1712 1015 1805 metumque
1026 1689 1247 1804 fugamque,

146 1855 196 1936 Et
213 1855 391 1940 conversa
405 1855 528 1972 adigis
545 1857 637 1942 dare
654 1879 763 1972 terga
779 1859 999 1970 sequacibus
1016 1859 1171 1944 umbris.

150 2027 231 2108 Vox
251 2041 316 2106 tua
333 2022 502 2108 terribile
521 2023 577 2106 est
594 2025 754 2134 tonitru,
776 2048 843 2110 tua
859 2026 1015 2112 dextera
1032 2023 1202 2110 fulmen:
1245 2047 1301 2103 sss

151 2187 210 2272 Tu
228 2189 410 2300 populum
429 2189 670 2275 innumerum
686 2191 837 2276 deserta
851 2221 922 2305 per
939 2193 1042 2278 inuia
1057 2194 1210 2278 vedum

148 2356 341 2439 concreto
358 2357 450 2441 coeli
468 2357 598 2468 pavisti
616 2386 706 2442 rore
723 2377 787 2443 tot
804 2384 937 2442 annos.

148 2520 208 2604 Tu
226 2521 375 2634 largum
393 2522 533 2609 durisc
550 2527 705 2637 rupibus
718 2525 822 2607 elicis
837 2551 1016 2624 amnem;

146 2687 210 2772 Tu
222 2686 351 2773 dulces
369 2689 409 2772 in
427 2717 542 2802 aquas
553 2691 685 2775 fontes
700 2689 892 2774 convertis
907 2715 1057 2774 amaros
1067 2735 1080 2790 ς

143 2857 210 2940 Tu
224 2881 350 2940 rerum
367 2857 595 2968 quandoque
614 2861 717 2942 uices
739 2868 780 2941 &
796 2854 950 2940 foedera
967 2857 1124 2967 rumpis,
1248 2881 1299 2950 tu

143 3029 196 3108 Et
212 3051 307 3134 quas
324 3023 433 3106 fixisti
449 3026 568 3136 leges,
589 3021 691 3106 idem
709 3020 789 3133 ipse
806 3023 946 3136 refigis.

145 3189 248 3274 Hinc
260 3189 437 3301 precibus
453 3187 568 3273 validi
582 3187 724 3294 herois,
747 3189 836 3274 dum
856 3192 985 3300 praelia
1005 3189 1144 3296 tendit,

146 3353 213 3437 Sol
225 3355 332 3440 coelo
347 3354 452 3440 stetit
468 3355 661 3462 immotus,
687 3357 914 3440 mirantibus
933 3357 1050 3462 astris,

147 3521 373 3636 ceteraque
392 3521 551 3607 affiduos
562 3521 784 3633 requierunt
803 3522 924 3607 fidera
938 3521 1077 3607 cursus.

146 3690 250 3773 Hinc
266 3688 448 3772 conuersa
465 3709 570 3772 retro
585 3715 738 3800 quoque
753 3687 911 3772 flumina
929 3687 1141 3796 subsedere,
1253 3708 1309 3783 830

148 3859 228 3937 Aut
245 3854 372 3939 subito
386 3853 575 3940 obscoeno
592 3877 797 3940 manabunt
811 3856 923 3939 rubra
937 3882 1098 3953 cruore;

146 4027 199 4105 Et
214 4019 341 4134 segnis
356 4019 572 4133 quadrupes
586 4022 753 4108 humana
767 4047 862 4105 voce
878 4020 1007 4105 locuta
1025 4021 1091 4102 est.

219 4186 330 4272 Olim
347 4187 465 4278 ctiam
483 4187 650 4300 pluviam
666 4188 805 4273 multos
821 4185 1010 4274 innubilus
1026 4211 1149 4270 annos

1195 4341 1312 4430 Haud
