3180 5184
274 315 327 392 74
488 287 673 365 Muncr
712 281 1039 362 Htunonrnr
1078 281 1221 366 Vror

271 499 501 610 conosque
520 496 558 580 se
573 499 716 582 circum
735 491 907 579 tenebris
923 491 1149 579 nottescere
1164 499 1310 584 cernit:
1383 539 1441 595 ψ

271 667 422 786 Qaiis,
445 663 510 774 qui
528 661 649 746 modo
663 659 879 773 conspettis
895 657 1083 744 tendebat
1100 660 1143 748 in
1160 665 1277 750 armis

271 835 392 922 Attus
408 856 510 944 equo
527 831 650 937 prima
664 825 815 941 srgnans
829 823 982 911 intonsa
994 828 1158 941 juventa

270 1005 357 1088 Ora
373 1023 483 1111 puer,
507 991 637 1078 forma
655 1013 747 1076 ante
762 993 857 1078 aiios
870 991 1148 1104 pulcherrimus
1164 1024 1317 1108 omnes,

270 1167 325 1276 Si,
347 1191 434 1252 curn
453 1163 618 1274 primum
635 1159 755 1246 castra
773 1157 886 1267 subit,
911 1159 1015 1243 forte
1032 1163 1120 1248 aista
1137 1161 1277 1278 sagitta

269 1335 403 1422 Hostis
416 1332 466 1416 ab
479 1329 684 1445 aggeribus
700 1325 906 1412 candentia
924 1327 1085 1436 pedrosa
1101 1330 1199 1436 fixit,
1385 1367 1438 1429 ²45

269 1502 474 1592 Volvitur:
502 1523 573 1582 ora
590 1493 717 1581 modis
735 1491 936 1578 tabescunt
957 1492 1099 1604 pallida
1112 1497 1238 1582 miris:

269 1667 433 1752 Labitur
448 1665 574 1748 omnis
594 1663 734 1770 honos,
761 1657 863 1774 firgit
877 1660 1004 1745 omnis
1023 1661 1148 1774 gioria
1163 1663 1319 1750 formae:

267 1839 322 1918 Et
340 1830 461 1916 modo
476 1831 540 1945 qui
555 1850 645 1914 toto
667 1825 835 1940 spirabat
854 1853 1019 1940 oorpore
1033 1855 1222 1940 amorem,

267 2001 389 2086 Nunc
406 1999 533 2112 gravis
549 1997 705 2107 aspersu
721 1995 792 2102 est,
811 1995 995 2106 aurasque
1012 1993 1172 2080 incestat
1189 1999 1327 2086 odore.

268 2167 332 2252 Sic
348 2168 496 2275 animus
511 2186 553 2248 te
570 2162 749 2274 ptaesenti
767 2159 1005 2246 nitidiffimus
1023 2161 1132 2269 olim,
1383 2201 1441 2267 250

266 2333 333 2416 Te
348 2333 538 2446 fugiente,
559 2329 644 2436 situ,
666 2355 711 2413 ac
728 2328 897 2416 tenebris
913 2328 1120 2416 involvitur
1134 2331 1229 2418 atris

266 2500 458 2607 Decolor,
480 2517 598 2610 atque
613 2497 722 2581 omni
739 2495 876 2580 fonnae
892 2493 1075 2606 spoliatus
1094 2495 1257 2583 honore.
1344 2489 1346 2495 ’
1411 2537 1414 2546 ·

268 2667 454 2773 Sicorim,
473 2667 541 2780 qui
556 2664 736 2748 matutini
753 2662 881 2748 fidenis
899 2662 1016 2746 instar
1182 2653 1185 2660 ’

268 2837 396 2945 Larga
415 2831 656 2916 ministrabat
671 2831 838 2915 radianti
854 2832 998 2914 lumina
1015 2830 1125 2915 coelo

268 2995 425 3084 Lucifer
441 2998 505 3080 ilie
519 2996 629 3080 chori
646 3015 762 3107 caput
777 2996 878 3081 alitis
897 2995 1075 3109 &jaban
1101 2999 1188 3084 alto
1381 3040 1440 3108 a„

267 3165 450 3250 Excuffus
467 3160 588 3266 coelo,
609 3161 811 3273 lucemque
832 3189 968 3250 exutus
987 3165 1027 3247 in
1042 3159 1120 3249 ima

269 3331 452 3445 Conjecit
466 3325 560 3433 sese,
583 3339 622 3414 δι
635 3325 755 3440 nigris
773 3329 977 3414 immiscuit
994 3331 1151 3416 umbris.
1172 3427 1175 3433 ,

334 3501 570 3582 Fortunatus
588 3506 628 3581 δι
643 3493 722 3600 iile,
739 3498 818 3583 Dei
835 3523 950 3608 quern
966 3495 1066 3581 filius
1082 3499 1177 3584 olim

267 3664 419 3750 Unicus
435 3663 475 3746 in
489 3682 640 3772 partem
659 3663 784 3776 regni,
800 3664 1020 3774 sortemque
1033 3663 1195 3773 locarat,

266 3829 439 3920 Biffenos
456 3827 561 3912 inter
576 3854 757 3939 proceres
771 3829 991 3915 letitiffimus
1008 3827 1109 3914 ibat:
1382 3857 1439 3920 at·

265 4006 412 4089 Verum
430 3995 569 4105 sponte
587 3991 837 4108 suadejestus
853 3997 1022 4084 culmine
1039 4015 1155 4084 tanto

265 4173 314 4254 In
332 4187 502 4277 preceps
513 4163 591 4249 ruit
606 4161 673 4249 abo
689 4181 728 4248 te
747 4181 788 4248 te
804 4162 883 4250 fine
898 4163 983 4252 luce
999 4165 1173 4254 relittnss

1299 4335 1436 4422 Tanta
