3160 5198
363 217 547 296 Hunni
585 231 643 292 uu
682 209 850 293 Rarus
876 208 1117 296 Divinis.
1241 224 1317 314 1⁸5

159 427 292 544 Qalis
312 429 494 514 nodiurni
508 427 668 537 pingues
687 426 735 510 ad
753 423 906 509 luminis
923 424 1034 540 ignes
1263 461 1321 522 ²5·
1376 471 1380 480 ·
1438 509 1448 530 ,

157 597 340 680 Plurimus
359 595 506 681 illectus
524 593 690 678 volitans
708 591 786 676 fert
804 610 966 702 tangere
989 592 1184 679 flamniam

157 765 373 876 Jucundam
393 762 487 866 uisu,
513 719 746 870 propiusque
764 754 946 841 accedere
965 757 1104 866 lucenu

157 929 292 1042 Usque
309 930 376 1013 fibi
394 927 591 1010 admotam
612 925 705 1008 licet
723 926 942 1035 experiatur
959 923 1142 1036 iniquam,

157 1099 261 1180 Urat
277 1109 522 1180 &extremas
546 1095 585 1175 in
606 1092 742 1175 arnatis
761 1090 913 1200 ignibus
933 1089 1031 1172 alas:

156 1263 254 1345 Non
272 1283 403 1344 tarneu
421 1261 562 1344 absistit
580 1259 697 1356 ludo;
726 1256 790 1340 sed
810 1257 954 1380 lumina
967 1258 1111 1344 circum
1264 1294 1321 1358 ¹55
1436 1293 1459 1350 χ

157 1433 272 1539 Itque
291 1429 483 1538 reditque,
503 1452 679 1538 vagoque
698 1425 849 1507 affultat
866 1422 1031 1531 plurima
1048 1453 1159 1536 gyro,

156 1595 263 1678 Dum
281 1592 407 1698 cadat,
435 1606 475 1680 δι
495 1594 662 1675 moriens
682 1589 888 1700 crepitanti
907 1589 1077 1698 pendeat
1094 1597 1198 1708 igne.

155 1761 309 1844 Tantus
326 1787 437 1844 amor
454 1761 561 1864 lucis,
587 1759 751 1841 flammae
769 1779 847 1837 tam
866 1754 950 1840 dira
969 1760 1131 1866 cupido:

154 1923 262 2008 Talis
278 1926 384 2008 abire
401 1924 507 2042 fuga,
526 1925 653 2027 Paule,
681 1923 960 2034 imperterritus
979 1926 1104 2010 ardes.

153 2091 274 2176 Nulla
289 2094 399 2204 quies
415 2095 568 2189 animo;
595 2117 677 2172 non
696 2109 868 2172 mentem
883 2087 1082 2176 horrentia
1096 2113 1228 2180 vatum
1264 2123 1322 2180 aso
1373 2165 1375 2170 .

154 2257 275 2344 Diua
294 2279 466 2364 movent,
493 2257 660 2367 coelique
679 2259 805 2362 minae,
833 2283 994 2366 quaeque
1009 2258 1089 2369 ipse
1108 2262 1266 2352 videbas

153 2425 331 2510 Praescius
349 2424 535 2512 Isacidum
555 2422 624 2506 tibi
640 2421 749 2505 tendi
766 2419 916 2506 vinuila
932 2420 974 2502 in
991 2424 1070 2507 oris

154 2593 367 2676 Primorum
382 2591 534 2696 scelere,
563 2547 704 2673 inuidia
721 2587 919 2700 flagrantis
941 2588 1108 2695 Idunres,

155 2759 337 2870 Denique
352 2757 545 2843 Romulea
560 2752 745 2866 portendi
761 2754 897 2836 funera
913 2756 953 2839 in
970 2756 1077 2840 urbe.

154 2927 306 3010 Nodles
325 2944 442 3036 atque
459 2925 539 3008 dies
554 2921 708 3034 optanti
728 2922 889 3030 pedlore
906 2919 1047 3030 versas,
1263 2955 1318 3030 255

154 3091 304 3174 Instent
319 3111 464 3203 quanta
483 3090 554 3172 tibi
571 3113 689 3201 capto
704 3087 921 3176 discrimina
938 3109 1056 3198 terra,

154 3259 314 3375 Qanta
329 3258 438 3362 mari,
450 3253 637 3340 Ausonias
651 3257 722 3338 ibis
736 3282 824 3339 cuin
843 3255 992 3340 vinctus
1008 3259 1058 3342 ad
1075 3258 1206 3346 urbes:

152 3421 308 3507 Littora
325 3422 535 3506 Graiorum
554 3421 718 3504 subeunt
736 3421 956 3534 relegenda,
984 3441 1045 3506 tot
1062 3451 1157 3531 orae,

153 3592 239 3673 Tot
256 3591 391 3695 maria,
418 3609 533 3701 atque
549 3588 676 3691 urbes,
702 3587 919 3700 pelagoque
940 3605 1003 3672 tot
1019 3588 1148 3676 insulas
1166 3592 1206 3678 in
1223 3596 1331 3706 alto}

154 3757 338 3868 Bellaque
355 3777 574 3860 ventorum,
598 3753 916 3864 tempestatesque
931 3753 1092 3855 futurae;
1263 3795 1322 3855 ηο

154 3923 278 4006 ltaliae
295 3921 453 4006 tandein
470 3943 620 4030 portus,
647 3919 884 4030 Laviniaque
900 3947 1005 4028 arva,
1121 3949 1125 3954 ·

153 4095 205 4174 Et
219 4087 381 4200 pulcher
394 4086 556 4192 Tybris:
587 4085 658 4168 tibi
676 4087 779 4170 enim
798 4083 909 4193 super
924 4087 1056 4173 omnia
1071 4086 1111 4172 in
1129 4086 1219 4200 ipfis

828 4255 904 4334 Aa
1192 4257 1324 4346 Roma
