3160 5198
241 309 317 384 ¹50
463 285 644 364 Mner
681 285 1007 368 Hreuouumr
1045 289 1183 375 V1ou

236 497 316 584 Hic
332 499 511 582 nationes
528 498 730 612 perluebas
744 497 917 608 flumine,

237 663 411 751 Suadens
429 666 662 778 probrorum
678 693 776 753 voce
795 670 1088 776 prenitentiam,

236 833 536 946 Monstransque
551 836 602 920 ad
619 835 716 920 altas
729 834 885 918 aetheris
900 837 1002 920 viam
1023 839 1175 924 domos.

237 1001 350 1086 Felix
368 1021 430 1088 ter
448 1005 476 1087 b
495 1015 536 1090 &
555 1003 739 1114 amplius!
763 1002 833 1114 qui
849 1023 1011 1100 venerat

237 1169 412 1254 Maculas
429 1169 559 1257 lavare
574 1184 613 1259 δι
630 1172 803 1254 omnium
822 1172 986 1282 piacula,

239 1335 320 1422 Dei
337 1341 510 1452 regentis
530 1341 670 1426 consta
685 1337 830 1450 ubique
845 1339 966 1424 lilium

237 1499 305 1586 Tu
324 1505 498 1614 proluisti
514 1507 646 1620 vulgus
666 1506 770 1590 inter
786 1527 983 1592 cautorum.

239 1671 424 1758 sanctum
438 1673 651 1758 lavacrum!
678 1673 860 1757 balneum
879 1673 1128 1760 admirabile!

238 1837 386 1930 Necte
403 1840 543 1926 fefellit
559 1841 718 1926 artubus
736 1840 977 1948 mortalibus,

239 2003 317 2090 Sed
335 2035 430 2092 nare
447 2036 518 2094 ceu
533 2011 638 2095 canis
654 2008 791 2120 procui
808 2005 933 2092 odora
951 2009 1075 2094 feram

237 2173 399 2259 Numen
415 2174 541 2290 sagaci
557 2175 805 2288 deprehensti
821 2177 997 2284 pectore.

238 2341 423 2452 Repente
440 2346 598 2460 gurgite
612 2371 731 2430 aureo
750 2341 999 2452 resplenduit,

238 2510 328 2622 Igni
349 2511 536 2596 fluentum
552 2541 624 2600 eeu
639 2509 893 2626 flagrantibus
910 2510 1016 2594 vadit
1025 2555 1037 2608 ς

236 2674 338 2760 Tuis
354 2677 463 2765 limul
479 2707 557 2768 vox
571 2679 741 2766 insonuit
757 2679 887 2787 ampla
904 2679 1071 2784 auribus,

237 2841 382 2954 Ruptis
399 2869 444 2932 ut
463 2850 556 2934 olim
572 2848 716 2934 coelum
735 2846 801 2930 ubi
816 2865 932 2928 tonat
950 2845 1125 2954 nubibus,

238 3012 368 3127 Qm
384 3018 603 3127 proluebas‚
629 3017 714 3128 quis
729 3015 850 3119 foret,
875 3011 1121 3096 denuntians.

238 3179 368 3296 Salve!
388 3182 552 3270 orientis
570 3184 670 3268 alme
687 3185 787 3268 Solis
803 3181 939 3266 lucifer

126 3413 133 3424 .
237 3349 360 3462 Jubar
376 3351 637 3463 propinquum
654 3350 835 3464 gentibus
854 3349 1139 3490 praemuntiam:

240 3514 367 3617 Ades;
394 3529 435 3604 &
451 3517 576 3604 adhuc
595 3517 772 3630 quicquid
788 3537 917 3629 potes,
944 3543 1017 3600 nos
1031 3519 1154 3624 erudi,

237 3690 293 3769 Et
309 3685 456 3770 rectam
473 3683 522 3769 ad
541 3687 641 3770 astra
656 3685 873 3771 errantibus
890 3685 995 3772 viam
1011 3684 1163 3786 indica;

238 3851 468 3969 Nostrisque
485 3853 641 3939 abolitis
657 3879 730 3938 uos
747 3853 904 3963 piaculis
919 3853 1016 3938 lara.
