3160 5198
364 226 551 306 Humum
589 245 649 302 nn
686 221 852 303 Rasus
889 220 1123 310 Drvrurs.
1248 253 1325 326 ¹77

157 443 396 552 Concipiens
414 441 455 524 in
472 463 560 524 eunt
579 436 758 545 praesenti
774 437 932 520 numine
949 431 1065 523 fovit.

156 609 341 720 Namque
357 607 567 717 improviso
584 605 755 688 vibratus
770 601 899 716 fulgor
915 601 965 683 ab
980 604 1103 690 aethra

158 769 361 860 Tendenti
375 776 482 858 venit
499 785 609 856 ecce!
631 792 782 880 repens,
808 777 848 852 dr
865 768 1020 852 luminis
1035 797 1125 856 aura

159 941 343 1023 Afflatum
361 940 528 1024 aetherea
547 940 609 1022 lux
629 937 792 1047 plurima
806 933 1061 1022 circumsullit.

160 1103 271 1189 Ilicet
293 1109 398 1190 astus
415 1134 516 1217 equo
535 1106 582 1188 ad
601 1127 744 1186 terram
763 1103 853 1208 ruit,
881 1097 999 1213 atque
1015 1103 1158 1198 relictis
1291 1139 1329 1200 ,a

162 1271 282 1355 Calce
298 1295 434 1383 petens
449 1299 558 1356 auras
567 1272 689 1386 jacuit
707 1267 901 1380 resupinus
919 1268 1101 1354 habenis:

161 1436 298 1522 Audiit
316 1439 403 1523 hinc
422 1465 557 1524 vocem
573 1435 820 1554 horrificamr
841 1433 948 1544 quid,
966 1438 1091 1544 Saule,
1104 1437 1196 1549 quid
1213 1439 1331 1548 ultra,

162 1605 288 1711 Saule,
313 1607 421 1712 suris,
450 1606 621 1715 mihique
640 1603 801 1688 adversis
816 1625 1017 1712 opponere
1037 1603 1188 1689 castris?

161 1771 431 1885 Nequicquam
448 1773 555 1856 coelo
571 1799 677 1853 arma
693 1797 838 1875 moves,
857 1768 1082 1880 stimuloque
1100 1795 1304 1886 repugnas.

164 1937 300 2022 Saulus
319 1938 367 2023 ad
387 1938 469 2022 haec
487 1935 657 2020 tenebris
674 1933 869 2019 sustollens
883 1933 1029 2017 lumina
1047 1935 1211 2044 obortis,
1292 1975 1329 2035 ts

162 2103 348 2218 Qaesrvit
368 2105 491 2189 lucem
507 2103 656 2208 frustra,
684 2078 937 2214 extimuitque
953 2123 1108 2215 negata.

163 2273 333 2354 Demum
352 2270 434 2355 haec
452 2266 646 2354 summisso
661 2269 722 2353 vix
740 2267 887 2353 hiscens
907 2269 1067 2378 pedore
1083 2267 1206 2352 fatur:
1282 2335 1285 2346 ,

166 2438 306 2520 sanese
322 2437 429 2522 edice
439 2481 451 2538 3
479 2463 615 2520 mones
629 2461 881 2546 quaecunque,
901 2463 978 2547 ego
992 2433 1087 2549 jussa
1104 2435 1303 2544 capessam.
1423 2473 1425 2479 ’

165 2599 240 2690 Vix
260 2629 319 2711 ea,
340 2631 425 2690 cum
442 2604 617 2687 volucres
635 2629 711 2688 vox
727 2603 873 2686 rursum
892 2601 1023 2685 audita
1040 2627 1111 2710 per
1129 2629 1257 2686 auras:
1356 2587 1359 2594 ’

168 2773 287 2882 Surge
307 2799 393 2883 age,
416 2769 519 2854 solve
537 2791 675 2877 metus,
694 2767 778 2851 urbi
792 2765 946 2854 succede
965 2767 1211 2880 propinquae:
1293 2795 1332 2853 ro

167 2936 272 3020 Hinc
289 2936 469 3045 responsa
486 2933 600 3041 feres,
622 2961 707 3046 quae
725 2961 844 3046 porro
860 2935 1040 3020 obeunda
1055 2935 1128 3020 tibi
1145 2935 1305 3048 instent,

167 3103 249 3218 Qi
269 3123 310 3186 te
327 3102 399 3185 hac
416 3100 558 3187 dehinc
577 3123 758 3186 maneant
771 3129 844 3212 pro
863 3101 1064 3215 relligione
1078 3102 1242 3190 labores.

169 3271 271 3382 Qae
288 3270 432 3380 pariter
448 3272 633 3356 comitum
649 3269 759 3380 juxta
778 3295 912 3352 manus
926 3269 1046 3354 audiit
1064 3271 1205 3354 omnis.

168 3436 414 3545 Obstupuere
429 3436 518 3520 viri:
546 3463 636 3518 nam
653 3463 728 3520 vor
746 3434 926 3518 veniebat
941 3435 991 3518 ad
1008 3460 1118 3520 aures

167 3603 361 3692 Omnibus
379 3602 513 3686 hausta
527 3601 702 3713 quidem:
732 3599 796 3684 sed
808 3599 913 3687 vocis
928 3601 1102 3686 cominus
1119 3603 1256 3692 auctor
1295 3628 1331 3700 ες

118 3831 129 3854 .
169 3767 367 3881 Nusquam
386 3770 596 3880 apparebat
611 3767 803 3856 vocalibus
819 3767 972 3854 abditus
988 3767 1102 3851 auris.

169 3937 242 4026 Vix
259 3961 361 4049 aegre
379 3935 455 4019 sese
476 3935 658 4020 attollens
673 3933 847 4038 surrexit,
866 3935 1019 4047 iterque

170 4102 398 4217 Ingrediens
416 4101 552 4186 frustra
571 4101 739 4186 tenebris
754 4104 922 4187 tentavit
936 4103 978 4185 in
993 4100 1096 4186 atris.
1236 4080 1239 4085 ⁵

851 4275 887 4353 Z
1168 4266 1350 4402 Lapsans
1410 4285 1413 4288 ’
