3180 5184
354 307 537 388 Hunur
571 325 634 387 ot
670 303 839 389 Rssus
873 282 1111 390 Drvrnrs.
1269 339 1315 412 13

144 527 324 608 AEteruas
339 519 390 608 lic
407 523 509 608 te'in
525 513 663 640 seriem
679 523 915 608 connectere
933 523 1061 610 ca'usas
1094 523 1105 546 ”
1177 581 1181 593 ·

143 697 346 776 AEternam
364 689 586 801 perhibent,
607 705 651 774 ut
667 687 778 776 firma
793 688 881 801 lege
899 688 1083 802 sequatur
1262 713 1319 774 zo

145 859 285 970 Usque
301 858 376 943 alia
391 885 438 940 ex
455 857 542 962 alia,
570 853 710 940 stabilis
725 883 853 968 neque
871 857 1019 944 densat
1033 859 1147 946 ordo.
1288 867 1297 938 “.

143 1031 230 1108 Has
245 1045 389 1135 praeter
404 1025 500 1110 nihil
514 1026 554 1110 in
569 1023 696 1130 terris,
716 1027 870 1112 c'oelove
891 1028 1057 1154 marine}

144 1195 310 1332 {venite
338 1195 526 1282 eveniunt
543 1193 802 1302 preeuntibus
820 1197 954 1282 omnia
968 1195 1116 1302 causrsf
1144 1201 1149 1212 '

146 1365 210 1443 Ut
232 1391 313 1447 non
333 1390 355 1445 e
371 1363 505 1452 nostro
521 1361 634 1448 cadat
649 1361 747 1450 ullus
762 1366 906 1450 vertice
925 1363 1040 1450 crinis
1064 1465 1067 1474 Ι

147 1523 212 1606 Te
228 1522 324 1633 fine,
349 1556 433 1612 non
448 1525 534 1612 ulte
548 1525 588 1608 iu
605 1527 714 1632 sylvis
732 1555 779 1612 eu
801 1529 941 1628 arbore
956 1493 1137 1612 frondes:
1201 1565 1208 1574 ·
1263 1543 1315 1616 *ὄσ

150 1693 265 1774 Unus
283 1696 424 1780 cundia
440 1721 573 1780 moves
589 1689 786 1780 causantur
804 1697 969 1780 maxima
982 1695 1105 1781 taust.

149 1860 203 1940 Et
221 1858 320 1941 nihil
335 1859 393 1944 est
407 1866 596 1968 Fortuna,
622 1859 716 1948 nihil
732 1891 888 1975 quoque
907 1862 1073 1974 denique
1088 1861 1221 1964 Casus,

151 2027 346 2112 Incertum
365 2029 623 2142 quodcunque
641 2029 768 2138 cadat,
798 2029 866 2114 nifi
884 2029 1042 2120 nomina
1061 2058 1172 2137 vana,

152 2194 254 2301 Qae
274 2193 582 2308 sumusinfirmis'
592 2199 805 2286 commenti
823 2196 990 2284 sensibus
1009 2195 1090 2308 ipsi.

153 2359 313 2471 Qippe
327 2362 486 2449 obscura
502 2364 593 2450 licet
610 2364 684 2450 srnt
701 2367 898 2478 pleraque,
917 2363 1105 2452 &abdita
1118 2362 1244 2468 uobis,
1263 2396 1320 2454 ²10

154 2527 220 2610 Fit
237 2550 369 2614 tamen
386 2530 488 2616 haud
502 2533 721 2644 quicquam,
747 2497 856 2644 quod
872 2561 954 2616 nou
970 2530 1185 2642 provideris
1201 2549 1294 2616 aute

153 2695 285 2804 Qum
303 2696 396 2780 vasti
412 2695 602 2786 aethereos
621 2699 756 2784 mundi
772 2698 997 2808 procuderis
1012 2695 1141 2804 orbes,

155 2863 426 2977 Seclorumque
442 2893 564 2952 novus
583 2865 793 2977 procedere
811 2867 980 2976 coeperit
993 2865 1105 2952 ordo.

115 3149 123 3156 ⁸
154 3033 287 3142 Atque
305 3031 396 3116 ideo
409 3031 523 3116 uobis
540 3032 735 3118 interdum
754 3033 853 3147 srqua
870 3033 1051 3120 videntur

153 3199 274 3282 Fadia
288 3197 445 3312 quidem
461 3221 622 3306 temere,
644 3211 684 3286 δι
700 3202 854 3311 penitus
872 3202 1023 3286 ratione
1039 3227 1193 3298 vacam
1264 3235 1317 3294 arr

153 3365 253 3448 Non
269 3385 401 3451 tamen
418 3367 559 3452 eversa
575 3386 617 3450 te
635 3368 814 3477 protinus
830 3367 1047 3453 accusamus

153 3530 333 3640 Justitiae,
357 3554 399 3618 at
417 3533 548 3644 potius
567 3533 714 3618 nebulis
731 3533 977 3620 adscribimus
995 3534 1102 3640 atris,

153 3705 209 3783 Et
225 3701 406 3808 tenebris,
432 3701 572 3816 quibus
589 3701 776 3788 indociles
793 3703 1023 3788 involvimur
1039 3701 1120 3810 ipsi.

154 3867 258 3979 Qty's
275 3890 447 3954 mentern
464 3868 685 3977 abstrusam,
704 3869 789 3982 quis
804 3869 972 3960 numinis
991 3869 1068 3952 alta
1085 3865 1267 3978 profundi
1332 3973 1339 3992 ι
1436 3945 1443 3960 .

154 4032 325 4118 Consil'n
339 4035 542 4144 exploret?
567 4037 665 4122 latet
682 4035 931 4124 inscrutabilis
952 4033 1067 4143 ordo,
1270 4057 1326 4114 aro

153 4205 207 4284 Et
221 4198 338 4288 series
355 4201 475 4316 longa
492 4203 639 4318 tegitur
656 4205 834 4292 conserta
848 4225 999 4292 catena.

1218 4369 1325 4452 Ante
