3160 5198
255 337 329 390 ιη
407 297 973 388 Maxorflrraournr
1012 303 1278 388 νηιὰς.

249 521 315 606 Tu
333 521 465 627 dulces
483 521 524 604 in
539 545 656 630 aquas
670 517 803 602 fontes
817 515 1012 644 conuertis
1029 545 1198 625 amaros,

249 699 303 778 Et
318 691 504 796 lacrymas
522 685 681 771 tandem
701 683 848 770 nostras
862 683 904 770 in
924 684 1064 798 gaudia
1082 687 1216 772 vertis.

322 859 452 943 Salve!
473 854 675 986 lrorninum
693 849 910 939 indubitata
925 852 1035 959 salus,
1057 853 1142 963 spes
1160 875 1266 938 certa
1280 857 1448 968 quietis

248 1031 439 1125 AEternte;
463 1049 534 1134 per
549 1044 588 1106 te
605 1033 714 1132 patet
728 1019 797 1106 alti
808 1021 929 1132 Janua
942 1021 1056 1108 coeli:
1311 1099 1316 1112 .
1371 1060 1443 1124 105
1476 1031 1480 1036 '

246 1197 387 1303 thue
403 1192 491 1276 orbi
505 1188 702 1302 quondam
719 1187 882 1300 ingressa
900 1188 955 1274 cll
971 1206 1076 1271 ntors
1094 1190 1233 1275 arbore
1247 1191 1297 1276 ab
1316 1193 1407 1302 illa,
1526 1243 1533 1254 ‹

246 1363 320 1442 Per
338 1379 378 1444 te
393 1359 595 1471 llominurn
614 1356 750 1471 generi
765 1353 813 1440 stc
828 1355 988 1440 tandem
1002 1355 1156 1444 reddita
1170 1357 1337 1448 vita'est.

245 1527 364 1613 Effice
383 1525 571 1611 mortales
589 1524 690 1609 curie
703 1521 929 1608 mortalibus
947 1541 1085 1608 onmes

245 1695 395 1782 Oblitis
412 1705 484 1806 pe'r
500 1687 686 1778 redivina
704 1689 790 1776 luce
804 1689 988 1796 fmamur‚

244 1861 501 1974 Amplexique
516 1881 608 1946 tuos
623 1856 812 1943 tollamur
825 1858 867 1941 in
882 1855 999 1942 ardua
1014 1881 1154 1944 ramos.
1367 1899 1435 1948 u·

243 2029 376 2116 Vitam
392 2050 522 2115 autem
539 2025 630 2140 quia
646 2053 729 2110 non
742 2023 1055 2111 daturomnlbus
1071 2025 1251 2112 exhalare

242 2191 335 2277 Tali
353 2196 394 2280 in
414 2193 517 2299 sede,
536 2190 736 2306 ipsumque
750 2191 891 2278 imitari
908 2189 1044 2276 funere
1058 2217 1205 2306 regem,

241 2363 305 2446 Ut
323 2363 433 2472 pueri
452 2357 608 2450 infirmo
624 2380 821 2472 nequeunt
839 2357 1096 2444 medicamina
1114 2357 1216 2454 ferre
1238 2391 1242 2400 ·
1318 2383 1324 2396 ·

241 2528 436 2640 Corpore,
460 2540 502 2617 ὅτ
521 2529 672 2616 altrices
686 2525 777 2639 ipsae
794 2525 897 2614 actia
914 2527 1056 2638 pocula
1073 2527 1271 2632 sumunt3,

240 2695 305 2784 nd
323 2725 463 2808 pueros
482 2699 602 2783 virtus
620 2717 753 2782 tamen
769 2696 903 2782 hausto
918 2695 960 2780 in
978 2695 1080 2783 latre
1096 2695 1314 2784 mundns
1361 2737 1418 2800 115

239 2863 303 2947 Sic
317 2863 414 2949 fluat
430 2865 594 2950 extincti
608 2862 742 2948 divino
758 2891 783 2947 e
797 2866 1081 2978 corporercgie

239 3036 287 3113 In
306 3057 379 3114 noa
397 3025 606 3114 transfiusur
619 3027 748 3134 dolor,
771 3039 811 3116 ὅτ
831 3030 1209 3145 precordia'tanget.'
1387 3059 1394 3072 ·

225 3197 382 3282 -Saltem
399 3196 546 3300 animo,
568 3193 703 3280 saltem
717 3195 861 3282 moesto
875 3197 1076 3286 doleamus
1093 3217 1228 3288 amore

235 3365 388 3450 Noster
399 3383 517 3476 atque
530 3359 630 3469 dies,
649 3389 778 3477 neque
792 3391 866 3450 noa
881 3369 1091 3454 conturbet
1107 3393 1282 3468 amaron

234 3537 378 3622 Verum
396 3557 444 3616 ea
456 3531 649 3619 amarities
669 3531 783 3620 nobis
801 3534 1015 3645 medeatur,
1038 3547 1079 3624 ει
1096 3549 1205 3650 'egra'
1351 3573 1415 3620 ra·

231 3701 335 3816 Qae
350 3727 452 3790 nunc
467 3699 598 3786 nostra
609 3701 744 3816 jacent
761 3724 984 3789 recreentur
999 3703 1132 3812 corda,
1153 3703 1335 3818 no'clsqu'e

231 3865 337 3953 Illius
355 3890 514 3954 emanet
527 3871 659 3956 nostra
671 3867 715 3953 in
726 3871 942 3980 precordia
954 3872 1089 3981 virtue,

229 4037 380 4148 Sponte
393 4039 461 4126 fito
475 4037 708 4155 nostrarqu
725 4036 838 4126 solvit
851 4039 1037 4156 sanguine
1053 4067 1208 4156 poenas.

1072 4217 1074 4224 ’
1155 4219 1406 4358 uacum
1560 4407 1561 4413 Ν
