3168 5190
260 251 340 318 266
466 237 653 314 Mnncr
692 217 1021 313 Hrrrou'rmt
1063 235 1220 318 Vrun

258 453 401 535 Donec
420 475 508 532 eum
527 468 659 530 teneas
677 447 835 530 tandem
851 449 1052 556 complexa
1071 465 1281 555 repertum.

258 617 371 699 Illum
387 617 533 720 animo,
558 633 644 696 tota
662 613 767 696 illum
783 613 910 698 hauris
927 614 1111 697 laetiffima
1130 631 1277 696 mente:
1384 632 1417 705 ις

258 781 410 866 Totum
429 781 566 866 obiens
582 778 662 863 acie
678 783 816 892 (neque
835 781 937 864 enim
954 779 1133 892 dimittis)
1150 801 1274 864 acuta.

258 947 350 1032 Nec
369 949 442 1034 tibi
460 946 589 1032 divina
608 943 793 1028 labeliunt
811 947 955 1030 lumina
973 949 1071 1053 luce,

258 1113 352 1224 Qa
364 1113 515 1222 frueris,
532 1116 702 1224 miraque
719 1113 887 1196 animum
908 1112 1109 1197 dulcedine
1129 1113 1261 1223 palcis.
1348 1179 1353 1194 .

258 1285 415 1362 Interea
432 1280 645 1364 exanimum
666 1278 760 1360 lethi
778 1305 847 1361 ceu
868 1273 1011 1390 Frigore
1030 1305 1167 1389 corpus

257 1441 434 1552 Labitur,
456 1457 496 1531 δι
513 1443 613 1528 dulci
632 1463 793 1552 torpent
813 1445 884 1528 tibi
901 1445 1074 1528 membra
1093 1443 1245 1554 sopore.
1384 1479 1421 1540 9·

257 1618 310 1698 Et
329 1613 461 1726 pigeat
476 1609 595 1695 castas
614 1610 699 1719 post
718 1610 867 1694 vincula
886 1609 988 1692 sacra
1005 1612 1150 1721 puellas

258 1783 450 1890 spernere
465 1779 646 1862 mortales
664 1777 794 1888 ignem
814 1805 930 1860 unum
949 1801 1112 1886 propter
1130 1789 1304 1864 amores?

257 1947 357 2032 Non
376 1966 506 2030 tamen
525 1941 666 2026 invidia
685 1944 841 2026 volucer
860 1943 931 2026 tibi
948 1943 1072 2028 defuit
1092 1943 1211 2029 hostis

257 2113 525 2222 Nouipotens
543 2107 710 2217 pulchris
730 2111 880 2220 semper
898 2112 1112 2196 contrarius
1131 2112 1235 2201 orsis.

258 2278 328 2363 Ille
348 2277 421 2362 tibi
435 2275 678 2360 memorabat
695 2303 804 2386 opes,
832 2279 1074 2361 memorabat
1092 2304 1256 2382 amores,
1385 2313 1418 2374 rt

256 2445 371 2558 Qus
385 2443 553 2557 fugeres,
576 2439 707 2553 ptiscae
725 2453 764 2526 δι
782 2441 989 2525 revocabat
1007 2443 1056 2527 ad
1075 2446 1157 2526 otia
1176 2444 1267 2528 vitae

257 2610 411 2715 Mollia,
430 2609 675 2721 defidiasque‚
705 2607 870 2692 animum
890 2609 1111 2693 convellere
1130 2612 1250 2695 nixus.

256 2775 323 2860 Tu
339 2779 428 2860 saxo
442 2775 560 2860 veluti
575 2777 687 2859 turris
706 2773 864 2857 fundata
883 2776 1036 2870 vetusto

257 2948 345 3028 Stas
363 2959 515 3045 contra,
536 2953 576 3026 δι
591 2943 732 3026 fractas
749 2939 903 3052 objedlu
920 2941 1042 3052 rejicis
1060 2942 1193 3049 undas,

257 3101 362 3184 Illius
379 3100 551 3212 objectu,
573 3102 634 3184 cui
654 3120 743 3184 toto
761 3101 920 3209 pectore
936 3098 1085 3212 flagras.
1371 3139 1423 3183 ιω

256 3267 320 3350 Te
337 3267 490 3376 quoties
509 3267 637 3374 petiit,
663 3269 781 3350 toties
799 3265 1010 3350 certamine
1026 3267 1148 3353 vidus

257 3429 391 3536 Cellit,
417 3443 457 3516 δι
473 3451 622 3538 erutus,
645 3433 731 3518 fidit
748 3434 898 3548 quibus,
920 3459 1026 3514 arma
1044 3434 1211 3546 reliquit,

256 3597 390 3710 Usque
406 3597 518 3705 adeo,
535 3618 579 3680 ut
597 3626 737 3711 pugnae
753 3599 905 3712 fugeret
921 3600 959 3683 se
972 3598 1130 3685 credere
1144 3603 1301 3712 iniquae,

255 3771 308 3851 Et
329 3783 513 3852 tremeret
532 3765 651 3878 nigris
667 3793 798 3850 manus
814 3768 1036 3874 importuna
1052 3761 1123 3850 sub
1140 3768 1230 3852 oris.

256 3937 311 4016 At
329 3927 514 4016 nonnulla
528 3931 647 4014 etiam
666 3930 771 4014 durae
788 3931 921 4014 solatia
939 3933 1027 4014 vitae
1260 3923 1266 3933 ’
1368 3967 1424 4030 1⁰5

255 4098 331 4184 Hic
349 4097 421 4182 tibi
436 4115 548 4182 erant
565 4095 731 4205 aliunde,
753 4095 892 4186 cohors
910 4124 1037 4212 neque
1054 4099 1190 4188 deerat
1208 4117 1431 4190 amantum:

1312 4271 1425 4384 Nam
