<?xml version="1.0" encoding="UTF-8"?>
<!DOCTYPE html PUBLIC "-//W3C//DTD XHTML 1.0 Transitional//EN"
    "http://www.w3.org/TR/xhtml1/DTD/xhtml1-transitional.dtd">
<html xmlns="http://www.w3.org/1999/xhtml" xml:lang="en" lang="en">
 <head>
  <title>
</title>
<meta http-equiv="Content-Type" content="text/html;charset=utf-8" />
  <meta name='ocr-system' content='tesseract 3.04.00' />
  <meta name='ocr-capabilities' content='ocr_page ocr_carea ocr_par ocr_line ocrx_word'/>
</head>
<body>
  <div class='ocr_page' id='page_1' title='image "./marcihieronymiv00vidagoog_0166.png"; bbox 0 0 3160 5198; ppageno 0'>
   <div class='ocr_carea' id='block_1_1' title="bbox 362 278 1436 386">
    <p class='ocr_par' dir='ltr' id='par_1_1' title="bbox 362 278 1436 386">
     <span class='ocr_line' id='line_1_1' title="bbox 362 278 1436 386; baseline 0.006 -24"><span class='ocrx_word' id='word_1_1' title='bbox 362 283 544 362; x_wconf 77' lang='lat' dir='ltr'>Hunnr</span> <span class='ocrx_word' id='word_1_2' title='bbox 579 301 642 358; x_wconf 81' lang='lat' dir='ltr'>uu</span> <span class='ocrx_word' id='word_1_3' title='bbox 679 278 851 361; x_wconf 78' lang='lat' dir='ltr'>Ruuus</span> <span class='ocrx_word' id='word_1_4' title='bbox 886 279 1118 366; x_wconf 79' lang='lat' dir='ltr'>Drvuurs.</span> <span class='ocrx_word' id='word_1_5' title='bbox 1249 317 1325 386; x_wconf 88' lang='lat'>157</span> <span class='ocrx_word' id='word_1_6' title='bbox 1433 327 1436 332; x_wconf 75' lang='lat'>,</span> 
     </span>
    </p>
   </div>
   <div class='ocr_carea' id='block_1_2' title="bbox 149 493 1327 2786">
    <p class='ocr_par' dir='ltr' id='par_1_2' title="bbox 149 493 1327 942">
     <span class='ocr_line' id='line_1_2' title="bbox 149 493 1327 609; baseline -0.002 -29"><span class='ocrx_word' id='word_1_7' title='bbox 149 496 349 609; x_wconf 82' lang='lat' dir='ltr'>Qicquid</span> <span class='ocrx_word' id='word_1_8' title='bbox 369 496 495 603; x_wconf 88' lang='lat' dir='ltr'>idest,</span> <span class='ocrx_word' id='word_1_9' title='bbox 522 493 600 578; x_wconf 86' lang='lat' dir='ltr'>sese</span> <span class='ocrx_word' id='word_1_10' title='bbox 615 493 778 606; x_wconf 80' lang='lat' dir='ltr'>liquidas</span> <span class='ocrx_word' id='word_1_11' title='bbox 795 493 909 606; x_wconf 88' lang='lat' dir='ltr'>super</span> <span class='ocrx_word' id='word_1_12' title='bbox 927 497 1063 582; x_wconf 87' lang='lat' dir='ltr'>efferat</span> <span class='ocrx_word' id='word_1_13' title='bbox 1078 527 1205 584; x_wconf 85' lang='lat' dir='ltr'>auras:</span> <span class='ocrx_word' id='word_1_14' title='bbox 1289 533 1327 578; x_wconf 73' lang='grc' dir='ltr'>ιο</span> 
     </span>
     <span class='ocr_line' id='line_1_3' title="bbox 149 663 1270 784; baseline 0.006 -39"><span class='ocrx_word' id='word_1_15' title='bbox 149 664 301 778; x_wconf 84' lang='lat' dir='ltr'>Qales</span> <span class='ocrx_word' id='word_1_16' title='bbox 317 663 418 775; x_wconf 83' lang='lat' dir='ltr'>saepe</span> <span class='ocrx_word' id='word_1_17' title='bbox 436 663 637 748; x_wconf 89' lang='lat' dir='ltr'>hominum</span> <span class='ocrx_word' id='word_1_18' title='bbox 657 682 821 769; x_wconf 88' lang='lat' dir='ltr'>mentes,</span> <span class='ocrx_word' id='word_1_19' title='bbox 848 665 1043 777; x_wconf 84' lang='lat' dir='ltr'>animique</span> <span class='ocrx_word' id='word_1_20' title='bbox 1061 664 1233 752; x_wconf 81' lang='lat' dir='ltr'>volucres</span> <span class='ocrx_word' id='word_1_21' title='bbox 1267 775 1270 784; x_wconf 19' lang='lat'><strong>³</strong></span> 
     </span>
     <span class='ocr_line' id='line_1_4' title="bbox 149 828 983 942; baseline -0.002 -26"><span class='ocrx_word' id='word_1_22' title='bbox 149 832 344 942; x_wconf 86' lang='lat' dir='ltr'>Corporis</span> <span class='ocrx_word' id='word_1_23' title='bbox 364 831 403 914; x_wconf 94' lang='lat' dir='ltr'>in</span> <span class='ocrx_word' id='word_1_24' title='bbox 423 830 534 914; x_wconf 82' lang='lat' dir='ltr'>terris</span> <span class='ocrx_word' id='word_1_25' title='bbox 554 850 708 913; x_wconf 85' lang='lat' dir='ltr'>terrena</span> <span class='ocrx_word' id='word_1_26' title='bbox 724 828 827 912; x_wconf 85' lang='lat' dir='ltr'>mole</span> <span class='ocrx_word' id='word_1_27' title='bbox 846 830 983 915; x_wconf 71' lang='lat' dir='ltr'>relista</span> 
     </span>
    </p>

    <p class='ocr_par' dir='ltr' id='par_1_3' title="bbox 149 997 1113 1107">
     <span class='ocr_line' id='line_1_5' title="bbox 149 997 1113 1107; baseline 0.005 -25"><span class='ocrx_word' id='word_1_28' title='bbox 149 1000 320 1082; x_wconf 90' lang='lat' dir='ltr'>Tollunt</span> <span class='ocrx_word' id='word_1_29' title='bbox 337 1000 389 1102; x_wconf 87' lang='lat' dir='ltr'>se,</span> <span class='ocrx_word' id='word_1_30' title='bbox 409 997 589 1107; x_wconf 87' lang='lat' dir='ltr'>&amp;superi</span> <span class='ocrx_word' id='word_1_31' title='bbox 608 1016 816 1107; x_wconf 87' lang='lat' dir='ltr'>peragrant</span> <span class='ocrx_word' id='word_1_32' title='bbox 835 999 1002 1082; x_wconf 86' lang='lat' dir='ltr'>confinia</span> <span class='ocrx_word' id='word_1_33' title='bbox 1020 1003 1113 1088; x_wconf 79' lang='lat' dir='ltr'>coeli</span> 
     </span>
    </p>

    <p class='ocr_par' dir='ltr' id='par_1_4' title="bbox 151 1162 1123 1276">
     <span class='ocr_line' id='line_1_6' title="bbox 151 1162 1123 1276; baseline 0.004 -28"><span class='ocrx_word' id='word_1_34' title='bbox 151 1171 314 1248; x_wconf 88' lang='lat' dir='ltr'>Summa</span> <span class='ocrx_word' id='word_1_35' title='bbox 328 1166 446 1268; x_wconf 88' lang='lat' dir='ltr'>leves,</span> <span class='ocrx_word' id='word_1_36' title='bbox 473 1163 648 1276; x_wconf 85' lang='lat' dir='ltr'>celsaque</span> <span class='ocrx_word' id='word_1_37' title='bbox 667 1163 732 1248; x_wconf 92' lang='lat' dir='ltr'>diu</span> <span class='ocrx_word' id='word_1_38' title='bbox 753 1165 914 1276; x_wconf 86' lang='lat' dir='ltr'>regione</span> <span class='ocrx_word' id='word_1_39' title='bbox 932 1162 1123 1254; x_wconf 86' lang='lat' dir='ltr'>fruuntur.</span> 
     </span>
    </p>

    <p class='ocr_par' dir='ltr' id='par_1_5' title="bbox 152 1329 1320 1612">
     <span class='ocr_line' id='line_1_7' title="bbox 152 1329 1320 1448; baseline 0.004 -33"><span class='ocrx_word' id='word_1_40' title='bbox 152 1335 256 1444; x_wconf 81' lang='lat' dir='ltr'>Qis</span> <span class='ocrx_word' id='word_1_41' title='bbox 274 1361 370 1416; x_wconf 89' lang='lat' dir='ltr'>vero</span> <span class='ocrx_word' id='word_1_42' title='bbox 390 1331 453 1414; x_wconf 87' lang='lat' dir='ltr'>ille</span> <span class='ocrx_word' id='word_1_43' title='bbox 470 1330 572 1416; x_wconf 89' lang='lat' dir='ltr'>adeo</span> <span class='ocrx_word' id='word_1_44' title='bbox 588 1329 695 1437; x_wconf 86' lang='lat' dir='ltr'>felix,</span> <span class='ocrx_word' id='word_1_45' title='bbox 722 1333 784 1415; x_wconf 87' lang='lat' dir='ltr'>cui</span> <span class='ocrx_word' id='word_1_46' title='bbox 804 1335 971 1448; x_wconf 84' lang='lat' dir='ltr'>contigit</span> <span class='ocrx_word' id='word_1_47' title='bbox 989 1338 1057 1420; x_wconf 92' lang='lat' dir='ltr'>uni</span> <span class='ocrx_word' id='word_1_48' title='bbox 1287 1372 1320 1431; x_wconf 74' lang='grc' dir='ltr'>ις</span> 
     </span>
     <span class='ocr_line' id='line_1_8' title="bbox 153 1497 1043 1612; baseline 0.008 -32"><span class='ocrx_word' id='word_1_49' title='bbox 153 1504 295 1612; x_wconf 85' lang='lat' dir='ltr'>Longe</span> <span class='ocrx_word' id='word_1_50' title='bbox 313 1501 407 1584; x_wconf 87' lang='lat' dir='ltr'>alios</span> <span class='ocrx_word' id='word_1_51' title='bbox 423 1498 535 1610; x_wconf 88' lang='lat' dir='ltr'>supra</span> <span class='ocrx_word' id='word_1_52' title='bbox 554 1497 633 1582; x_wconf 88' lang='lat' dir='ltr'>sese</span> <span class='ocrx_word' id='word_1_53' title='bbox 653 1497 744 1581; x_wconf 89' lang='lat' dir='ltr'>alite</span> <span class='ocrx_word' id='word_1_54' title='bbox 762 1500 902 1584; x_wconf 88' lang='lat' dir='ltr'>tollere</span> <span class='ocrx_word' id='word_1_55' title='bbox 920 1500 1043 1610; x_wconf 90' lang='lat' dir='ltr'>sensu,</span> 
     </span>
    </p>

    <p class='ocr_par' dir='ltr' id='par_1_6' title="bbox 154 1665 1073 1781">
     <span class='ocr_line' id='line_1_9' title="bbox 154 1665 1073 1781; baseline -0.002 -25"><span class='ocrx_word' id='word_1_56' title='bbox 154 1667 382 1781; x_wconf 87' lang='lat' dir='ltr'>Rimarique</span> <span class='ocrx_word' id='word_1_57' title='bbox 401 1667 483 1751; x_wconf 90' lang='lat' dir='ltr'>acie</span> <span class='ocrx_word' id='word_1_58' title='bbox 502 1666 652 1750; x_wconf 85' lang='lat' dir='ltr'>nostros</span> <span class='ocrx_word' id='word_1_59' title='bbox 669 1665 859 1776; x_wconf 85' lang='lat' dir='ltr'>fugientia</span> <span class='ocrx_word' id='word_1_60' title='bbox 875 1669 986 1776; x_wconf 83' lang='lat' dir='ltr'>visus,</span> <span class='ocrx_word' id='word_1_61' title='bbox 1071 1735 1073 1740; x_wconf 80' lang='lat'>-</span> 
     </span>
    </p>

    <p class='ocr_par' dir='ltr' id='par_1_7' title="bbox 157 1832 1131 1947">
     <span class='ocr_line' id='line_1_10' title="bbox 157 1832 1131 1947; baseline 0.006 -30"><span class='ocrx_word' id='word_1_62' title='bbox 157 1836 371 1946; x_wconf 62' lang='lat' dir='ltr'>Sanctaque</span> <span class='ocrx_word' id='word_1_63' title='bbox 390 1832 588 1932; x_wconf 80' lang='lat' dir='ltr'>coelestum</span> <span class='ocrx_word' id='word_1_64' title='bbox 607 1832 763 1942; x_wconf 87' lang='lat' dir='ltr'>penitus</span> <span class='ocrx_word' id='word_1_65' title='bbox 781 1835 995 1943; x_wconf 86' lang='lat' dir='ltr'>penetralia</span> <span class='ocrx_word' id='word_1_66' title='bbox 1011 1838 1131 1947; x_wconf 87' lang='lat' dir='ltr'>adire,</span> 
     </span>
    </p>

    <p class='ocr_par' dir='ltr' id='par_1_8' title="bbox 155 1997 1033 2091">
     <span class='ocr_line' id='line_1_11' title="bbox 155 1997 1033 2091; baseline 0.006 -5"><span class='ocrx_word' id='word_1_67' title='bbox 155 2009 208 2086; x_wconf 89' lang='lat' dir='ltr'>Et</span> <span class='ocrx_word' id='word_1_68' title='bbox 225 2003 317 2086; x_wconf 88' lang='lat' dir='ltr'>coeli</span> <span class='ocrx_word' id='word_1_69' title='bbox 335 2002 486 2087; x_wconf 85' lang='lat' dir='ltr'>insueto</span> <span class='ocrx_word' id='word_1_70' title='bbox 502 2001 623 2085; x_wconf 85' lang='lat' dir='ltr'>libare</span> <span class='ocrx_word' id='word_1_71' title='bbox 642 2027 664 2082; x_wconf 95' lang='lat' dir='ltr'>e</span> <span class='ocrx_word' id='word_1_72' title='bbox 682 1997 856 2086; x_wconf 86' lang='lat' dir='ltr'>fontibus</span> <span class='ocrx_word' id='word_1_73' title='bbox 874 2002 1033 2091; x_wconf 81' lang='lat' dir='ltr'>haustu?</span> 
     </span>
    </p>

    <p class='ocr_par' dir='ltr' id='par_1_9' title="bbox 155 2168 1324 2447">
     <span class='ocr_line' id='line_1_12' title="bbox 155 2168 1324 2286; baseline -0.001 -33"><span class='ocrx_word' id='word_1_74' title='bbox 155 2168 266 2286; x_wconf 74' lang='lat' dir='ltr'>Qd</span> <span class='ocrx_word' id='word_1_75' title='bbox 284 2171 402 2253; x_wconf 89' lang='lat' dir='ltr'>fuerit</span> <span class='ocrx_word' id='word_1_76' title='bbox 419 2168 511 2252; x_wconf 84' lang='lat' dir='ltr'>vasti</span> <span class='ocrx_word' id='word_1_77' title='bbox 526 2168 645 2280; x_wconf 87' lang='lat' dir='ltr'>longe</span> <span class='ocrx_word' id='word_1_78' title='bbox 663 2189 754 2252; x_wconf 93' lang='lat' dir='ltr'>ante</span> <span class='ocrx_word' id='word_1_79' title='bbox 769 2169 928 2254; x_wconf 82' lang='lat' dir='ltr'>exordia</span> <span class='ocrx_word' id='word_1_80' title='bbox 945 2171 1095 2280; x_wconf 92' lang='lat' dir='ltr'>mundi,</span> <span class='ocrx_word' id='word_1_81' title='bbox 1285 2209 1324 2270; x_wconf 83' lang='lat'>30</span> 
     </span>
     <span class='ocr_line' id='line_1_13' title="bbox 155 2336 1199 2447; baseline 0.002 -27"><span class='ocrx_word' id='word_1_82' title='bbox 155 2336 303 2420; x_wconf 92' lang='lat' dir='ltr'>Omnia</span> <span class='ocrx_word' id='word_1_83' title='bbox 319 2364 398 2447; x_wconf 89' lang='lat' dir='ltr'>quo</span> <span class='ocrx_word' id='word_1_84' title='bbox 414 2337 606 2442; x_wconf 88' lang='lat' dir='ltr'>constent,</span> <span class='ocrx_word' id='word_1_85' title='bbox 625 2365 706 2447; x_wconf 88' lang='lat' dir='ltr'>quo</span> <span class='ocrx_word' id='word_1_86' title='bbox 723 2339 862 2422; x_wconf 69' lang='lat' dir='ltr'>cunsta</span> <span class='ocrx_word' id='word_1_87' title='bbox 880 2341 1040 2423; x_wconf 60' lang='lat' dir='ltr'>auctore</span> <span class='ocrx_word' id='word_1_88' title='bbox 1055 2359 1199 2444; x_wconf 88' lang='lat' dir='ltr'>creata,</span> 
     </span>
    </p>

    <p class='ocr_par' dir='ltr' id='par_1_10' title="bbox 154 2501 1288 2786">
     <span class='ocr_line' id='line_1_14' title="bbox 155 2501 1253 2618; baseline 0.003 -33"><span class='ocrx_word' id='word_1_89' title='bbox 155 2504 256 2618; x_wconf 81' lang='lat' dir='ltr'>Qae</span> <span class='ocrx_word' id='word_1_90' title='bbox 274 2505 373 2610; x_wconf 84' lang='lat' dir='ltr'>sunt,</span> <span class='ocrx_word' id='word_1_91' title='bbox 393 2533 480 2617; x_wconf 81' lang='lat' dir='ltr'>quae</span> <span class='ocrx_word' id='word_1_92' title='bbox 499 2504 671 2608; x_wconf 90' lang='lat' dir='ltr'>fuerunt,</span> <span class='ocrx_word' id='word_1_93' title='bbox 690 2515 731 2588; x_wconf 76' lang='grc' dir='ltr'>δι</span> <span class='ocrx_word' id='word_1_94' title='bbox 749 2532 835 2616; x_wconf 87' lang='lat' dir='ltr'>quae</span> <span class='ocrx_word' id='word_1_95' title='bbox 852 2527 1017 2590; x_wconf 87' lang='lat' dir='ltr'>ventura</span> <span class='ocrx_word' id='word_1_96' title='bbox 1034 2501 1253 2617; x_wconf 86' lang='lat' dir='ltr'>sequentur.</span> 
     </span>
     <span class='ocr_line' id='line_1_15' title="bbox 154 2670 1288 2786; baseline 0.002 -34"><span class='ocrx_word' id='word_1_97' title='bbox 154 2671 257 2753; x_wconf 84' lang='lat' dir='ltr'>Mira</span> <span class='ocrx_word' id='word_1_98' title='bbox 274 2671 430 2783; x_wconf 89' lang='lat' dir='ltr'>quidem</span> <span class='ocrx_word' id='word_1_99' title='bbox 447 2671 529 2756; x_wconf 85' lang='lat' dir='ltr'>haec</span> <span class='ocrx_word' id='word_1_100' title='bbox 538 2717 550 2771; x_wconf 65' lang='grc' dir='ltr'>ς</span> <span class='ocrx_word' id='word_1_101' title='bbox 578 2697 666 2755; x_wconf 90' lang='lat' dir='ltr'>nam</span> <span class='ocrx_word' id='word_1_102' title='bbox 687 2671 825 2754; x_wconf 68' lang='lat' dir='ltr'>cundia</span> <span class='ocrx_word' id='word_1_103' title='bbox 842 2671 910 2755; x_wconf 83' lang='lat' dir='ltr'>fibi</span> <span class='ocrx_word' id='word_1_104' title='bbox 923 2674 1004 2786; x_wconf 90' lang='lat' dir='ltr'>jam</span> <span class='ocrx_word' id='word_1_105' title='bbox 1020 2671 1192 2756; x_wconf 86' lang='lat' dir='ltr'>redditus</span> <span class='ocrx_word' id='word_1_106' title='bbox 1210 2670 1288 2756; x_wconf 72' lang='lat' dir='ltr'>aler</span> 
     </span>
    </p>
   </div>
   <div class='ocr_carea' id='block_1_3' title="bbox 155 2835 1189 2949">
    <p class='ocr_par' dir='ltr' id='par_1_11' title="bbox 155 2835 1189 2949">
     <span class='ocr_line' id='line_1_16' title="bbox 155 2835 1189 2949; baseline 0.001 -28"><span class='ocrx_word' id='word_1_107' title='bbox 155 2841 240 2921; x_wconf 89' lang='lat' dir='ltr'>Ore</span> <span class='ocrx_word' id='word_1_108' title='bbox 252 2839 373 2945; x_wconf 87' lang='lat' dir='ltr'>canit,</span> <span class='ocrx_word' id='word_1_109' title='bbox 397 2837 619 2949; x_wconf 87' lang='lat' dir='ltr'>nostrosque</span> <span class='ocrx_word' id='word_1_110' title='bbox 636 2836 742 2921; x_wconf 86' lang='lat' dir='ltr'>vehit</span> <span class='ocrx_word' id='word_1_111' title='bbox 756 2835 869 2948; x_wconf 87' lang='lat' dir='ltr'>super</span> <span class='ocrx_word' id='word_1_112' title='bbox 885 2839 1029 2926; x_wconf 86' lang='lat' dir='ltr'>aethera</span> <span class='ocrx_word' id='word_1_113' title='bbox 1048 2838 1189 2947; x_wconf 88' lang='lat' dir='ltr'>sensus,</span> 
     </span>
    </p>
   </div>
   <div class='ocr_carea' id='block_1_4' title="bbox 151 2999 1323 4429">
    <p class='ocr_par' dir='ltr' id='par_1_12' title="bbox 151 2999 1323 4292">
     <span class='ocr_line' id='line_1_17' title="bbox 154 2999 1319 3115; baseline 0.01 -31"><span class='ocrx_word' id='word_1_114' title='bbox 154 3003 334 3088; x_wconf 81' lang='lat' dir='ltr'>insolitas</span> <span class='ocrx_word' id='word_1_115' title='bbox 354 2999 533 3114; x_wconf 87' lang='lat' dir='ltr'>rumperis</span> <span class='ocrx_word' id='word_1_116' title='bbox 550 3031 679 3110; x_wconf 86' lang='lat' dir='ltr'>voces,</span> <span class='ocrx_word' id='word_1_117' title='bbox 704 3004 851 3106; x_wconf 89' lang='lat' dir='ltr'>insueta</span> <span class='ocrx_word' id='word_1_118' title='bbox 867 3006 1031 3115; x_wconf 86' lang='lat' dir='ltr'>locutus,</span> <span class='ocrx_word' id='word_1_119' title='bbox 1285 3037 1319 3098; x_wconf 79' lang='lat'>35</span> 
     </span>
     <span class='ocr_line' id='line_1_18' title="bbox 152 3171 1199 3282; baseline 0.005 -30"><span class='ocrx_word' id='word_1_120' title='bbox 152 3175 215 3253; x_wconf 89' lang='lat' dir='ltr'>Ut</span> <span class='ocrx_word' id='word_1_121' title='bbox 233 3171 404 3260; x_wconf 87' lang='lat' dir='ltr'>Verbum</span> <span class='ocrx_word' id='word_1_122' title='bbox 424 3171 690 3282; x_wconf 85' lang='lat' dir='ltr'>omnipotens,</span> <span class='ocrx_word' id='word_1_123' title='bbox 713 3172 819 3258; x_wconf 69' lang='lat' dir='ltr'>dictu</span> <span class='ocrx_word' id='word_1_124' title='bbox 837 3175 1013 3260; x_wconf 88' lang='lat' dir='ltr'>mirabile</span> <span class='ocrx_word' id='word_1_125' title='bbox 1031 3175 1199 3265; x_wconf 84' lang='lat' dir='ltr'>Verbum</span> 
     </span>
     <span class='ocr_line' id='line_1_19' title="bbox 152 3337 1050 3452; baseline 0.004 -30"><span class='ocrx_word' id='word_1_126' title='bbox 152 3337 333 3450; x_wconf 76' lang='lat' dir='ltr'>mapsam</span> <span class='ocrx_word' id='word_1_127' title='bbox 351 3340 457 3428; x_wconf 83' lang='lat' dir='ltr'>coelo</span> <span class='ocrx_word' id='word_1_128' title='bbox 479 3339 731 3426; x_wconf 84' lang='lat' dir='ltr'>moribundos</span> <span class='ocrx_word' id='word_1_129' title='bbox 750 3345 926 3452; x_wconf 79' lang='lat' dir='ltr'>corporis</span> <span class='ocrx_word' id='word_1_130' title='bbox 945 3365 1050 3428; x_wconf 78' lang='lat' dir='ltr'>artus</span> 
     </span>
     <span class='ocr_line' id='line_1_20' title="bbox 151 3504 1049 3612; baseline 0.004 -24"><span class='ocrx_word' id='word_1_131' title='bbox 151 3504 331 3590; x_wconf 79' lang='lat' dir='ltr'>induerit</span> <span class='ocrx_word' id='word_1_132' title='bbox 350 3509 469 3612; x_wconf 88' lang='lat' dir='ltr'>Deus,</span> <span class='ocrx_word' id='word_1_133' title='bbox 493 3519 533 3592; x_wconf 76' lang='grc' dir='ltr'>ὅτ</span> <span class='ocrx_word' id='word_1_134' title='bbox 553 3507 691 3593; x_wconf 83' lang='lat' dir='ltr'>nostris</span> <span class='ocrx_word' id='word_1_135' title='bbox 709 3508 894 3594; x_wconf 87' lang='lat' dir='ltr'>habitarit</span> <span class='ocrx_word' id='word_1_136' title='bbox 912 3509 1049 3593; x_wconf 86' lang='lat' dir='ltr'>inuris</span> 
     </span>
     <span class='ocr_line' id='line_1_21' title="bbox 151 3671 1181 3783; baseline -0.001 -24"><span class='ocrx_word' id='word_1_137' title='bbox 151 3675 294 3759; x_wconf 58' lang='lat' dir='ltr'>Fabius</span> <span class='ocrx_word' id='word_1_138' title='bbox 311 3671 455 3776; x_wconf 80' lang='lat' dir='ltr'>homo;</span> <span class='ocrx_word' id='word_1_139' title='bbox 483 3674 579 3762; x_wconf 88' lang='lat' dir='ltr'>illius</span> <span class='ocrx_word' id='word_1_140' title='bbox 598 3673 713 3760; x_wconf 87' lang='lat' dir='ltr'>decus</span> <span class='ocrx_word' id='word_1_141' title='bbox 731 3687 772 3764; x_wconf 75' lang='grc' dir='ltr'>δι</span> <span class='ocrx_word' id='word_1_142' title='bbox 789 3673 892 3760; x_wconf 68' lang='lat' dir='ltr'>fabia</span> <span class='ocrx_word' id='word_1_143' title='bbox 907 3678 1050 3783; x_wconf 80' lang='lat' dir='ltr'>inclyta</span> <span class='ocrx_word' id='word_1_144' title='bbox 1066 3675 1181 3762; x_wconf 84' lang='lat' dir='ltr'>testes</span> 
     </span>
     <span class='ocr_line' id='line_1_22' title="bbox 152 3841 1323 3956; baseline 0.004 -29"><span class='ocrx_word' id='word_1_145' title='bbox 152 3841 339 3949; x_wconf 87' lang='lat' dir='ltr'>Vidimus,</span> <span class='ocrx_word' id='word_1_146' title='bbox 360 3842 470 3950; x_wconf 85' lang='lat' dir='ltr'>illius,</span> <span class='ocrx_word' id='word_1_147' title='bbox 497 3843 635 3956; x_wconf 88' lang='lat' dir='ltr'>inquit,</span> <span class='ocrx_word' id='word_1_148' title='bbox 653 3842 712 3926; x_wconf 87' lang='lat' dir='ltr'>uti</span> <span class='ocrx_word' id='word_1_149' title='bbox 730 3843 916 3930; x_wconf 88' lang='lat' dir='ltr'>stellantis</span> <span class='ocrx_word' id='word_1_150' title='bbox 936 3844 1096 3954; x_wconf 83' lang='lat' dir='ltr'>Olympi</span> <span class='ocrx_word' id='word_1_151' title='bbox 1283 3873 1323 3932; x_wconf 77' lang='lat' dir='ltr'>r·</span> 
     </span>
     <span class='ocr_line' id='line_1_23' title="bbox 152 4005 1170 4122; baseline 0.002 -28"><span class='ocrx_word' id='word_1_152' title='bbox 152 4011 265 4122; x_wconf 86' lang='lat' dir='ltr'>Rege</span> <span class='ocrx_word' id='word_1_153' title='bbox 279 4005 364 4118; x_wconf 81' lang='lat' dir='ltr'>sari,</span> <span class='ocrx_word' id='word_1_154' title='bbox 382 4011 646 4122; x_wconf 85' lang='lat' dir='ltr'>omnipotens,</span> <span class='ocrx_word' id='word_1_155' title='bbox 669 4038 749 4094; x_wconf 93' lang='lat' dir='ltr'>non</span> <span class='ocrx_word' id='word_1_156' title='bbox 766 4011 980 4096; x_wconf 83' lang='lat' dir='ltr'>enarrabile</span> <span class='ocrx_word' id='word_1_157' title='bbox 998 4012 1170 4101; x_wconf 88' lang='lat' dir='ltr'>Verbum</span> 
     </span>
     <span class='ocr_line' id='line_1_24' title="bbox 152 4174 1127 4292; baseline 0.002 -28"><span class='ocrx_word' id='word_1_158' title='bbox 152 4174 340 4285; x_wconf 79' lang='lat' dir='ltr'>Vidimus,</span> <span class='ocrx_word' id='word_1_159' title='bbox 364 4206 409 4264; x_wconf 92' lang='lat' dir='ltr'>ac</span> <span class='ocrx_word' id='word_1_160' title='bbox 429 4203 539 4266; x_wconf 80' lang='lat' dir='ltr'>veros</span> <span class='ocrx_word' id='word_1_161' title='bbox 558 4178 681 4292; x_wconf 87' lang='lat' dir='ltr'>geniti</span> <span class='ocrx_word' id='word_1_162' title='bbox 700 4180 988 4280; x_wconf 59' lang='lat' dir='ltr'>attrectavimus</span> <span class='ocrx_word' id='word_1_163' title='bbox 1007 4198 1127 4285; x_wconf 78' lang='lat' dir='ltr'>artus,</span> 
     </span>
    </p>

    <p class='ocr_par' dir='ltr' id='par_1_13' title="bbox 1181 4339 1320 4429">
     <span class='ocr_line' id='line_1_25' title="bbox 1181 4339 1320 4429; baseline -0.022 0"><span class='ocrx_word' id='word_1_164' title='bbox 1181 4339 1320 4429; x_wconf 82' lang='lat' dir='ltr'>Gratia</span> 
     </span>
    </p>
   </div>
   <div class='ocr_carea' id='block_1_5' title="bbox 0 0 1587 5198">
    <p class='ocr_par' dir='ltr' id='par_1_14' title="bbox 0 0 1587 5198">
     <span class='ocr_line' id='line_1_26' title="bbox 0 0 1587 5198; baseline 0 0"><span class='ocrx_word' id='word_1_165' title='bbox 0 0 1587 5198; x_wconf 95' lang='lat' dir='ltr'> </span> 
     </span>
    </p>
   </div>
  </div>
 </body>
</html>
