3180 5184
295 219 490 326 Herm,
524 229 587 300 ub
621 217 786 306 Rrr'us
823 211 1056 314 Drvnrrr.
1234 267 1289 343 4⁷

120 434 269 518 Omnia
285 433 423 518 laeciria
437 428 650 543 perfundis,
675 436 816 550 gaudia
831 439 972 554 ubique
1236 487 1315 558 ης,

119 599 239 686 Plena
255 599 372 688 seris:
399 603 499 687 mira
513 624 651 689 rorant
665 603 869 692 dulcedine
885 630 1041 697 montes

119 767 321 880 Undique,
344 770 614 884 mellifluaeque
630 771 851 860 redundant
867 779 1025 864 nebiare
1041 779 1159 870 valles

120 934 332 1050 Undique;
357 937 460 1024 felici
475 938 659 1025 distillant
676 943 809 1026 omnia
823 966 926 1030 rore.

117 1102 227 1188 Nam
243 1108 387 1190 coelum
406 1135 525 1192 omne
542 1108 705 1222 liquens,
730 1111 898 1224 coelique
915 1113 1093 1203 volubilis
1106 1117 1224 1204 orbes

118 1268 299 1382 Desuper
311 1273 475 1358 insolitis
488 1291 580 1359 tunc
594 1274 782 1362 'imbribus
799 1279 1029 1389 irrorurunt,
1233 1317 1287 1381 130

118 1443 174 1520 Et
189 1441 353 1552 pluviam
373 1441 496 1525 nubes
511 1439 614 1526 felici
630 1467 720 1527 rore
738 1443 897 1557 dedere,

120 1608 217 1718 Qu
234 1611 348 1695 tellus
365 1608 481 1694 imbri
493 1608 755 1722 zephyrisque
771 1613 994 1726 tepentibus
1013 1615 1114 1704 alma

121 1773 315 1886 Concepit
332 1776 474 1890 gravis,
500 1786 541 1862 ὅτ
558 1778 710 1891 gremio
724 1776 797 1865 flos
815 1801 924 1868 ortus
935 1803 1076 1894 aperto

120 1944 252 2030 Exeris
268 1968 328 2048 os,
355 1944 575 2057 campisque
591 1972 720 2033 comas
736 1945 916 2034 diffundis
932 1952 1071 2063 apricis

122 2107 278 2196 Circum
294 2107 409 2197 suave
425 2111 580 2222 rubeus,
606 2121 649 2199 br
664 2113 890 2201 circumfusa
904 2118 1057 2203 colurus
1232 2153 1283 2215 ¹35

124 2267 311 2364 Gramiria
320 2323 335 2382 3
361 2279 514 2366 divinos
534 2265 651 2396 louge
669 2305 731 2368 rus
754 2280 862 2366 halat
879 2282 1033 2371 odores.

122 2442 186 2530 Tu
202 2475 282 2554 roe,
303 2464 350 2532 tu
363 2446 504 2559 pluvia,
524 2433 626 2562 eque
641 2447 736 2560 polo
752 2447 839 2532 fluis
854 2475 990 2535 aureus
1006 2450 1149 2535 imber:

122 2615 354 2724 Expeeeatus
367 2614 458 2701 ades
474 2635 537 2700 tot
551 2613 678 2702 secula
696 2613 747 2698 ab
762 2611 940 2698 omnibus
958 2616 1094 2701 imber.

120 2781 298 2868 Candida
315 2803 357 2868 te
372 2771 569 2896 excipiuut
584 2767 743 2870 intristae
758 2779 898 2867 vellera
915 2783 1033 2885 lariae;

120 2951 209 3040 Nec
224 2969 358 3038 tamen
372 2969 540 3065 excepto
553 2935 703 3038 maduit
720 2950 808 3036 lana
821 2948 979 3040 humida
996 2952 1047 3040 ab
1061 2951 1187 3037 imbri.
1233 2989 1287 3045 140
1397 3004 1403 3050 3

186 3124 309 3206 Portu
320 3137 468 3206 aeterna
482 3140 615 3206 manet
628 3120 721 3207 coeli
735 3120 817 3205 alto
834 3119 876 3204 in
894 3120 1026 3206 limine
1040 3119 1179 3226 clausa,

117 3288 191 3373 Per
206 3315 324 3402 qmm
341 3285 467 3372 aditus
482 3287 578 3374 uuili
596 3289 749 3402 penitus
762 3285 837 3371 firit
850 3285 956 3370 orbis
971 3287 1021 3370 ab
1036 3307 1127 3372 ortu
1135 3331 1151 3389 3

116 3455 207 3570 Ipse
221 3455 289 3542 sed
306 3453 529 3571 ingrediens
547 3455 617 3541 soli
631 3452 704 3537 tibi
719 3453 861 3564 sponte
876 3470 1056 3562 patentes
1195 3467 1216 3484 '⁴

115 3627 233 3740 Isque
243 3621 421 3736 rudisque
435 3621 555 3732 sores,
581 3647 655 3708 nec
671 3619 829 3706 claustra
847 3622 1011 3705 immuta
1025 3605 1207 3733 resignas,

116 3791 250 3914 Quse
264 3792 406 3879 vitrum
424 3790 540 3876 radiis
556 3791 710 3904 penitus
728 3787 795 3872 sol
810 3785 946 3912 transit
959 3785 1121 3892 adustis,
1230 3811 1281 3872 υς

115 3957 319 4076 llszsoque
336 3956 477 4044 domus
493 3957 596 4043 subit
610 3955 799 4042 interiora
815 3953 989 4059 metallo,

115 4129 337 4246 sutimaepe
350 4113 540 4242 illustraus'
556 4123 770 4238 penetralia
786 4123 931 4212 lumine
945 4121 1072 4218 vestit.
1207 4217 1292 4302 Plu·
