3180 5184
379 219 559 326 rivum
595 267 656 324 uu
693 244 865 328 Rruus
899 247 1129 333 varurs.
1313 283 1335 350 5

169 464 320 547 Omnia
336 464 450 572 plena
467 459 606 544 sonant
621 461 741 564 coeln,
767 481 948 574 terraque
972 465 1157 574 marique.
1300 501 1336 562 75

169 633 293 742 Siqua
307 630 384 712 mei
402 651 533 712 tamen
549 629 604 711 est
625 630 726 712 ratio
743 628 814 711 tibi
831 629 1011 714 habenda
1026 631 1181 739 laboris,

167 801 289 911 (Qae
301 817 364 881 tua
375 823 515 908 magna
525 797 681 906 quidem
693 799 733 880 in
744 824 866 908 genus
876 795 1116 910 indulgentia
1127 797 1260 883 nostrii
1270 797 1339 905 est)

169 929 240 1046 Da
258 983 384 1074 pater,
411 989 593 1048 extremae
608 991 694 1048 cum
712 964 801 1048 vitae
816 961 1015 1047 advenerit
1032 965 1143 1072 hora,

170 1131 237 1214 Te
256 1131 445 1240 praesente
460 1133 574 1241 mori,
601 1131 656 1215 nil
675 1157 737 1214 me
754 1131 986 1216 terrentibus
1001 1133 1158 1238 umbris,

171 1305 300 1409 Inque
314 1319 402 1384 tuos
419 1298 586 1382 animam
604 1301 799 1410 amplexus
817 1297 1014 1384 effundere
1027 1319 1223 1388 ovantem.
1302 1324 1340 1379 ro

170 1469 267 1578 Hoc
283 1483 437 1550 tantum
454 1466 562 1571 mihi,
585 1468 696 1576 plura
706 1466 791 1552 aliis
809 1465 1035 1578 optantibus
1052 1467 1164 1555 adde.

235 1640 381 1718 Hoccu
389 1633 483 1744 quid
492 1635 570 1718 est?
583 1635 648 1718 ubi
660 1633 764 1718 sum?
780 1661 865 1747 quae
876 1653 1049 1718 mentem
1061 1632 1209 1722 insueta
1221 1627 1340 1716 libido

174 1799 395 1912 ¹Sollicitat?
414 1801 529 1885 solito
546 1802 665 1914 longe
683 1799 777 1883 mihi
795 1803 955 1910 peritura
975 1801 1098 1912 major

176 1969 351 2082 Arripuit
367 1969 486 2078 calor,
505 1981 545 2055 ει
562 1965 760 2052 labefactis
774 1968 915 2054 ollibus
933 1967 1052 2074 haesn,

24 2257 28 2264 Ι
175 2133 417 2248 ¹insolitoque
435 2163 540 2220 mear
558 2165 679 2222 novus
698 2137 754 2220 est
770 2161 892 2246 vapor
908 2137 999 2248 igne
1014 2133 1212 2218 medullas.
1305 2157 1338 2226 ις

175 2301 275 2413 Qo
293 2303 446 2412 rapior?
471 2331 552 2414 quo
568 2324 661 2390 vota
679 2301 863 2389 trahunt?
889 2328 975 2415 quae
992 2321 1101 2386 tanta
1118 2300 1260 2410 cupido
1415 2279 1417 2286 ’

176 2473 344 2552 Sevocat
359 2466 558 2554 abductam
576 2472 735 2555 mortali
753 2494 955 2578 acorpore
974 2487 1160 2568 mentem,

176 2634 416 2747 Ignotusque
434 2639 512 2719 vias
528 2637 607 2720 late
620 2636 736 2750 jubet
751 2635 806 2722 ire
823 2633 992 2744 patentis

175 2799 360 2907 AEtherir,
383 2802 584 2914 &liquido
599 2800 694 2885 mihi
709 2799 838 2886 sedern
855 2799 975 2912 figere
993 2799 1126 2884 coelo?

177 2971 305 3054 Terra
319 2971 416 3074 vale,
439 2997 615 3080 curaeque
629 2969 791 3053 humiles
808 2965 1058 3078 hominesque
1078 2967 1230 3051 valete:
1305 2999 1343 3058 90

176 3136 290 3222 Nulli
305 3135 438 3230 audita
452 3166 574 3236 cano;
600 3158 775 3219 vetemm
790 3135 969 3216 omnibus
985 3134 1100 3218 obvia
1120 3158 1252 3220 vatum

177 3302 365 3386 Carmina
378 3301 619 3416 jamdudum,
645 3313 686 3387 δι
704 3302 884 3385 mortalia
902 3301 1039 3384 cunila
1053 3267 1216 3413 perosus!

176 3467 322 3552 Tollor
338 3468 470 3576 humo,
494 3463 673 3582 totusque
687 3467 812 3554 levem
827 3495 951 3578 prope
966 3489 1100 3553 vertor
1114 3471 1155 3552 in
1172 3495 1318 3574 auram,

177 3635 399 3749 Aereasque
413 3639 545 3750 plagas
560 3635 751 3746 superare,
778 3637 1006 3748 &linquere
1024 3635 1146 3718 nubes

178 3802 260 3886 Sub
276 3799 451 3910 pedibus,
473 3803 687 3916 rapidoque
705 3805 805 3890 viam
822 3805 1058 3917 conjungere
1074 3801 1155 3886 Soli
1307 3835 1342 3894 95

178 3969 307 4054 Dulce
323 3971 433 4076 mihi,
453 3971 680 4086 summoque
699 3972 741 4056 in
756 3972 900 4060 vertice
917 3971 1044 4056 listere
1062 3964 1208 4054 mundi.

179 4137 280 4223 Nou
293 4138 369 4224 iter
382 4165 588 4234 occurrens
604 4139 775 4226 nostrum
791 4159 855 4240 tot
869 4139 1036 4242 motibus
1053 4161 1119 4224 aer

1238 4297 1351 4384 Deti-
