3160 5198
349 329 536 406 Huuur
569 321 630 402 n'r
663 321 832 406 Rarus
865 321 1107 408 Drvrnrs.
1237 337 1314 422 165

141 547 194 626 Et
210 539 345 624 dulces
361 567 558 651 nunquam
574 537 741 623 insomni
756 535 953 623 discedere
970 561 1083 622 curae.
1170 531 1176 540 '

141 709 253 793 Illum
273 708 410 791 absens
431 706 550 791 oculis
568 703 766 790 absentem
784 733 945 791 cernere
962 730 1096 790 coram
1259 737 1312 798 205

141 873 284 984 Usque
304 874 512 979 videbaris,
534 873 774 988 blandosque
792 869 1001 985 agnoscere
1019 871 1160 976 vultus,

142 1041 398 1154 Optatosque
416 1042 562 1147 oculos,
590 1053 631 1128 &
646 1061 767 1152 gratae
783 1039 925 1124 frontis
940 1040 1124 1144 honores,
1183 1131 1188 1143 ,

144 1207 264 1320 Cujus
285 1210 334 1291 ab
352 1209 505 1320 aspectu
519 1207 692 1320 jucundo
707 1207 852 1292 lumine
868 1209 957 1294 casii

144 1375 259 1482 Saepe
276 1374 528 1490 resurgebant
544 1376 730 1486 repetitas
746 1376 839 1461 lucis
856 1375 896 1458 in
915 1401 1035 1461 auras.
1175 1389 1177 1396 “

145 1541 285 1652 Usque
300 1543 491 1628 videbaris
509 1543 639 1628 dulces
656 1543 807 1628 haurire
824 1542 1009 1654 loquelas,
1262 1569 1317 1629 tr·

144 1707 268 1820 Cujus
288 1711 339 1792 ab
353 1710 509 1823 eloquio
524 1715 604 1823 Jam
618 1712 707 1794 vitae
725 1737 884 1794 munere
900 1709 1025 1793 sundli

148 1839 260 1984 Saepe
275 1877 524 1992 resurgebant
541 1879 583 1962 in
598 1876 761 1964 blandas
778 1876 930 1964 luminis
948 1902 1050 1984 oras,

150 2043 284 2154 Atque
303 2046 441 2127 iterum
461 2045 579 2130 dulcis
594 2045 766 2128 visebant
783 2046 916 2129 limina
934 2044 1040 2128 lucis.
1182 2063 1186 2070 ’

150 2209 288 2320 Usque
304 2213 435 2293 animo
454 2212 526 2296 tibi
541 2212 635 2294 fixus
652 2232 738 2293 erat
749 2259 761 2312 3
782 2214 852 2296 tibi
870 2211 987 2296 dulcis
1007 2213 1140 2324 imago

151 2377 258 2460 Ante
276 2380 422 2483 oculos,
443 2378 625 2462 blandum
645 2377 839 2461 obversari
854 2407 999 2461 nomen
1017 2377 1067 2460 ad
1086 2403 1208 2483 aures,
1262 2409 1315 2468 tt5

151 2541 248 2658 Qo
266 2545 389 2654 superi
401 2565 529 2636 coctus
548 2566 663 2656 atque
681 2547 810 2648 onmis
827 2546 933 2645 curia
950 2543 1044 2628 coeli

153 2709 302 2792 Audito
321 2713 513 2818 laetantur,
533 2723 573 2796 &
590 2711 714 2794 infera
730 2737 849 2822 regna
864 2711 1101 2794 tremiscunt.

152 2873 265 2958 Illum
287 2906 356 2987 per
374 2889 588 2962 nemora&
609 2877 742 2986 sylvas,
768 2905 913 2991 perque
928 2879 1006 2962 alta
1023 2877 1187 2962 canebas

153 3040 322 3147 Lictora,
349 3057 388 3130 δε
409 3047 449 3128 in
465 3046 551 3128 solis
569 3073 639 3153 per
658 3049 816 3130 noctem
836 3048 1032 3130 montibus
1050 3045 1143 3129 ibas.

153 3207 390 3297 Reddebant
407 3212 521 3296 valles
541 3211 613 3297 tibi
628 3217 778 3327 Jssou
799 3214 983 3324 undique,
1000 3217 1153 3327 Jssou
1264 3245 1319 3308 az·

153 3379 252 3462 Saxa
271 3378 527 3479 resultabant;
556 3377 750 3466 iterabant
766 3382 899 3464 omnia
917 3385 1082 3492 Jssou.

151 3547 250 3628 Haec
269 3542 459 3655 placidam
476 3545 627 3654 semper
641 3547 751 3630 duxti
766 3574 835 3656 per
851 3573 1010 3630 munera
1029 3548 1147 3630 vitam

150 3711 279 3795 Dulce
299 3739 479 3823 querens,
501 3711 602 3797 dulci
621 3713 756 3796 sallens
774 3715 929 3825 ingrata
947 3713 1103 3824 querela

134 3879 368 4006 Tempora,
389 3877 589 3964 consed’tus
606 3879 732 3964 donec
745 3881 918 3964 membra
940 3905 1043 3992 aegra
1060 3880 1215 3964 senecta

150 4047 333 4154 ,Corpore
353 4043 537 4154 paulatim
555 4047 757 4158 absumpto
776 4047 838 4130 lux
855 4047 935 4130 sola
951 4045 1145 4152 remansti,
1267 4077 1319 4138 ²⁸5

150 4221 203 4312 Et
222 4211 355 4320 sonus,
377 4213 417 4296 in
434 4215 580 4300 nostras
596 4216 662 4328 qui
680 4240 780 4304 nunc
797 4239 953 4327 quoque
967 4211 1104 4298 laberis
1121 4236 1246 4299 aures.

1231 4368 1320 4452 Huc
