3160 5198
359 283 540 380 Hennr
576 301 637 366 ne
673 275 1115 366 Rrwstnvrnrs.

157 505 208 581 At
223 517 264 580 at
283 496 429 606 quievit
449 498 505 578 ira
522 491 643 579 credo
655 493 851 601 coelitum,
965 509 969 521 '

156 665 258 748 Coeli
274 661 518 776 quodomnis
535 659 692 746 curiaid
707 663 945 770 providerat,
987 735 990 745 i
1084 742 1089 748 .
1135 761 1138 774 Ι
1235 672 1238 680 ’

154 839 272 920 Vates
289 851 333 914 ut
351 830 446 924 effet
462 830 539 936 ille,
565 857 647 912 non
662 829 784 912 modo
801 858 896 914 voce
914 830 980 942 qui

153 1003 283 1092 Deum
301 999 491 1086 indicaret
510 995 655 1090 editum
672 997 919 1114 mortalibus,

153 1169 244 1256 Vita
263 1165 328 1250 sed
345 1163 484 1277 ipsum,
507 1165 751 1277 moribusque
768 1165 964 1274 redderet,

154 1341 206 1418 Et
221 1355 350 1417 morte
366 1333 449 1418 dira
464 1333 626 1444 previus
644 1356 914 1442 praemrreretr

154 1501 276 1618 Qod
294 1525 336 1585 tu
351 1499 493 1588 sciebas
511 1495 675 1611 ipsemet
694 1503 882 1616 presagio

154 1671 289 1754 Pedius
303 1669 420 1753 futuri
436 1670 551 1780 plene
567 1671 741 1782 Joannes
758 1670 918 1777 sacrum,

155 1835 385 1947 Inbensque
403 1839 521 1921 morti
544 1857 585 1920 te
603 1837 774 1922 obtulisti
790 1837 961 1922 fortiter.

155 2008 196 2088 O
217 2024 345 2088 morte
363 2005 455 2090 felix
472 2035 554 2094 non
573 2005 699 2090 minus
716 2007 922 2114 natalibus,
959 2019 961 2028 ⁴

155 2171 309 2282 erbus
324 2171 397 2254 tibi
412 2195 531 2285 queat
550 2199 668 2262 nemo
684 2175 969 2283 compararier!

23 2407 32 2428 .
155 2342 219 2423 Tu
236 2340 340 2452 regis
355 2341 471 2426 index
486 2338 661 2424 coelitum
675 2341 926 2450 prenuntius,

154 2509 219 2592 Tu
237 2529 363 2591 matre
381 2509 509 2614 sterili,
536 2535 614 2594 anu
636 2509 738 2591 satus
756 2507 941 2596 divinitus

155 2682 203 2764 In
221 2677 356 2760 matris
370 2675 462 2758 alvo
477 2673 564 2766 labe
581 2675 779 2759 communi
795 2677 972 2759 omnium

156 2847 264 2928 Ante
279 2841 470 2954 expiatus,
496 2868 611 2954 qnam
630 2840 736 2928 fores
751 2840 827 2926 luci
846 2841 985 2950 editur,

156 3015 246 3096 Nec
262 3011 388 3094 noxiae
400 3010 468 3096 ulli
484 3036 576 3094 mox
592 3009 696 3094 fuisti
713 3011 916 3100 obnoxius.

157 3181 223 3262 Ne
242 3198 284 3260 te
302 3177 549 3290 inquinarent
567 3177 706 3262 civium
722 3180 968 3294 commercia²

157 3346 280 3450 sylvis
298 3345 444 3428 latebas
460 3343 640 3428 vinitatis
654 3345 696 3428 in
714 3343 875 3434 abditis:

157 3513 348 3619 sylvestre
367 3511 445 3596 mel
463 3510 606 3596 stillans
625 3511 774 3596 vetusta
789 3513 839 3596 ab
857 3514 956 3623 ilice,

156 3677 365 3793 Nucesque
381 3693 422 3766 δι
439 3677 629 3792 unguibus
648 3677 795 3762 revulsa
814 3683 990 3794 gramina

157 3849 308 3962 Regale
327 3867 412 3932 erat
430 3847 581 3957 semper
599 3845 670 3928 tibi
690 3845 922 3938 convivium.

156 4015 359 4102 Praebebat
374 4016 480 4098 ultro
497 4013 583 4100 viva
602 4011 747 4098 flumen
765 4015 928 4124 pocula

156 4185 279 4270 Pelles
296 4181 468 4269 serarum
485 4179 690 4267 delicatam
706 4207 930 4294 purpuram.
