3160 5198
403 315 587 398 Humnr
627 335 686 394 on
725 312 895 395 Runus
922 313 1166 398 Drvrurs.
1294 347 1368 426 ιο,

168 529 464 642 omnigenum
482 527 678 612 volucrum
697 549 813 614 cantu
833 525 1159 638 &plaudentibus
1176 531 1259 620 alis.
1346 541 1351 551 “

259 704 483 782 Fortunata
497 695 634 780 arbos!
662 694 703 780 in
722 693 878 784 tefoeta
895 697 959 800 ills
973 700 1136 786 volucris

174 867 322 953 Molle
339 867 405 952 fibi
425 865 550 950 rostro
568 863 702 973 penus
717 861 927 950 terebravit
942 887 1071 973 acuto,
1332 901 1365 964 ,ς

178 1037 329 1146 Atque
344 1034 412 1119 suo
429 1033 635 1146 implumes
652 1031 839 1118 saturavit
855 1029 1040 1146 sanguine
1059 1056 1187 1120 natos.

180 1203 304 1316 Qae
317 1203 463 1312 pietas?
489 1203 555 1314 qui
573 1219 705 1286 tantus
720 1209 854 1289 amor?
880 1229 952 1294 nos
968 1203 1127 1286 crimine
1143 1203 1276 1286 nostro

184 1369 419 1456 Occidimus
428 1414 441 1470 3
467 1369 638 1454 moriens
656 1397 730 1454 nos
746 1367 812 1452 ille
827 1395 851 1454 a
868 1389 996 1452 morte
1016 1367 1181 1475 reduxit,

186 1535 431 1648 Deleuitquc
447 1557 575 1641 notas,
601 1565 694 1650 quas
712 1566 793 1623 non
811 1557 1059 1623 contraxerat
1075 1539 1166 1648 ipse.

187 1704 283 1786 Nos
300 1703 390 1788 ideo
406 1732 601 1818 nunquam
620 1735 644 1790 e
663 1707 788 1804 stratis
805 1703 1065 1818 consurgimus
1080 1725 1170 1789 orta
1326 1740 1365 1798 40

188 1871 313 1977 Luce,
339 1871 402 1954 vel
419 1872 582 1986 ingreffa
594 1875 676 1986 jam
693 1875 809 1960 noste
826 1871 1009 1960 adstrata
1030 1873 1209 1977 redimus,

192 2036 336 2132 Nostra
354 2059 426 2122 tuo
443 2039 536 2149 quin
554 2067 628 2124 nos
645 2069 835 2126 armemus
853 2043 1012 2150 pectora
1031 2041 1152 2157 figno,

193 2207 247 2286 Et
265 2224 329 2288 tua
348 2206 513 2290 lustrate
531 2208 783 2317 imprimimus
799 2209 957 2324 uestigia
970 2203 1105 2293 fronti.

196 2359 270 2452 Nil'
279 2372 440 2486 agimus,
462 2371 515 2456 nil
530 2373 745 2482 incipimus,
767 2375 822 2458 nil
839 2377 1000 2484 penore
1016 2401 1200 2488 magnum

194 2537 377 2624 Molimur
393 2568 473 2624 non
492 2562 582 2626 ante
601 2561 670 2624 tuo
685 2543 896 2627 munimine
914 2543 1022 2626 testi.
1324 2551 1359 2658 :⁴⁵

193 2705 438 2815 Auspiciistu
455 2709 582 2792 nostra
601 2709 678 2791 tuis
696 2709 874 2819 incoejpts
892 2707 1094 2806 secundam

190 2869 258 2955 Tu
275 2873 446 2958 nostrum
465 2875 676 2990 augurium,
697 2899 741 2960 tu
758 2876 853 2983 sors,
873 2897 915 2961 tu
932 2877 1110 2986 praepetis
1127 2901 1257 2962 omen.

191 3003 420 3157 Qinet'iam
437 3039 485 3124 ad
501 3041 653 3154 quosvis
669 3063 811 3151 motus,
836 3043 886 3136 sd
906 3073 1097 3131 murmura
1115 3069 1289 3156 quaeque,

189 3211 244 3302 Et
260 3205 436 3317 strepitus
455 3207 680 3318 improvisos
698 3213 892 3326 noctuque
911 3211 1051 3324 dieque

192 3371 254 3456 Ad
268 3393 334 3457 tua
352 3373 597 3487 confirgimus
614 3379 832 3463 tremefacti
851 3381 1029 3489 protinus
1047 3407 1166 3484 arma,
1325 3409 1361 3466 50

191 3539 318 3652 Qeis
331 3537 422 3623 freti
441 3570 581 3625 vanum
602 3571 824 3628 revocamus
839 3545 957 3628 corde
977 3547 1171 3631 timorem.

240 3707 422 3792 'Proinde
443 3709 513 3794 tibi
529 3713 662 3824 magni
677 3734 836 3796 curvato
855 3713 1002 3823 poplite
1020 3739 1133 3827 reges

190 3833 337 3956 Oscula
351 3873 446 3958 dant
463 3879 589 3986 proni,
608 3878 813 3991 positisque
832 3877 1038 3992 infignibus
1054 3881 1157 3965 ultro

190 4037 414 4154 Assurgunt,
438 4047 661 4156 tectamque
676 4073 770 4133 auro
787 4047 1027 4160 gemmisque
1044 4049 1252 4135 micantem

191 4205 437 4318 suspendunt
450 4212 563 4298 vinter
579 4211 737 4300 baccata
756 4215 913 4300 monilia
930 4215 1047 4324 collo,
1323 4240 1359 4300 ὕ

1306 4381 1360 4460 Ει
