3160 5198
395 283 577 368 vam
612 281 1147 370 ocRcous·D1v1n1e.
1304 313 1351 390 21

11 478 13 515 ³
149 465 446 606 'Nonilhsde
463 524 575 584 more
589 494 723 611 dapes,
747 525 829 584 oon
841 499 981 610 pocula
999 500 1103 586 sueta
1320 535 1354 598 35

174 669 371 762 Testatus
385 663 588 774 dmcffl
602 661 767 750 formam
786 663 853 750 sua
870 665 1015 752 viscera
1031 668 1071 752 in
1089 667 1192 754 illam

177 839 290 924 Vera
308 861 355 920 ac
372 833 460 920 viva
476 835 589 920 novis
603 831 796 946 epulanda
811 859 1011 944 apponere
1026 834 1176 919 meniis.

4 1074 5 1114 ἔ
178 1003 350 1086 Hooest
367 1028 521 1110 corpus,
539 1001 609 1105 ait,
631 1027 738 1086 meus
752 998 816 1098 hic
832 998 882 1084 de
901 1001 1229 1116 vulnere-sanguis

179 1167 440 1275 Fundendus,
464 1167 661 1266 commissa
677 1167 879 1266 hominum
895 1169 962 1294 qui
977 1167 1100 1254 diluat
1114 1169 1266 1256 omnia:

179 1339 277 1419 Hoc
294 1335 375 1422 este
385 1380 400 1436 ς
425 1333 504 1424 hoc
517 1362 655 1422 omnes
668 1335 881 1428 hautiteex
898 1333 1038 1446 pocula
1052 1335 1178 1424 fonte.
1315 1370 1354 1428 ⁴0

181 1500 247 1586 Sic
260 1499 394 1611 facite,
411 1515 452 1590 δι
471 1501 630 1614 posthac
646 1501 795 1586 servate
813 1499 854 1584 in
868 1501 993 1588 secula
1007 1531 1170 1613 morem,

180 1673 237 1773 Et
253 1667 371 1764 sacris
385 1669 527 1757 moniti
540 1669 621 1782 jam
639 1696 741 1755 nunc
759 1666 955 1754 affuescite
969 1671 1119 1756 meniis.

182 1838 289 1922 Nam
306 1801 461 1952 quoties
478 1835 565 1942 haec
575 1837 692 1922 verba
708 1863 800 1922 meo
816 1863 903 1920 mea
919 1839 1078 1924 nomine
1097 1839 1205 1927 docti

183 2005 296 2090 Nota
312 2003 427 2116 super
444 2003 583 2090 sanctis
597 2005 782 2114 repetetis
798 1999 968 2118 frugibus
986 2035 1071 2116 ore,

184 2171 271 2280 lpse
287 2170 424 2280 adero,
451 2193 617 2288 totoque
634 2169 758 2280 epulis
774 2169 902 2258 subito
916 2171 1060 2280 inserat
1073 2174 1183 2274 almis
1314 2208 1349 2268 ⁴5

184 2339 378 2451 Corpore,
399 2335 675 2469 visceribusque¹
693 2338 803 2446 meis,
829 2317 1074 2450 &sanguine
1090 2341 1226 2452 opimo
1366 2379 1369 2388 ·

181 2507 381 2619 Excipiam
399 2507 524 2615 laetos,
542 2507 686 2595 veteris
702 2505 873 2590 solamen
890 2506 1053 2608 amoris;

183 2679 236 2757 Et
252 2701 449 2788 nunquam
465 2673 585 2758 nostri
603 2673 693 2758 hinc
710 2670 906 2756 abolescet
922 2673 1048 2786 gratia
1062 2673 1143 2758 leti.
1169 2627 1172 2632 Ι

183 2835 324 2922 Infelix
340 2867 449 2947 vero,
468 2841 528 2926 his
542 2841 704 2952 dapibus
721 2839 938 2954 quicunque
954 2840 1101 2924 carebit

184 3009 359 3114 Averfiis,
387 3009 487 3091 tanti
505 3008 771 3123 meritique&
787 3007 953 3094 muneris
972 3034 1108 3092 exors:
1315 3040 1353 3098 50

181 3173 302 3257 Nulla
319 3175 374 3258 illi
390 3173 479 3285 post
495 3172 608 3260 fimus
624 3197 738 3261 erunt
756 3178 987 3264 commercia
1003 3175 1137 3262 nostri.

253 3347 335 3429 vos
348 3359 481 3426 tamen
494 3341 563 3424 has
578 3341 723 3426 lustrati
743 3343 880 3429 animis
896 3342 1065 3428 accedite
1076 3331 1244 3445 ¹mensas,

181 3510 235 3590 Et
253 3509 428 3594 manibus
444 3509 547 3620 puris
562 3535 674 3617 puras
690 3512 910 3625 contingite
924 3509 1068 3623 fruges.

181 3675 273 3760 Este
289 3675 441 3788 procul,
466 3675 603 3788 quibus
622 3677 677 3760 est
692 3673 793 3762 foedi
811 3703 919 3760 mens
937 3675 1089 3760 conscia
1106 3673 1223 3774 sabii3

182 3842 275 3930 Vita
289 3843 363 3953 piis
378 3844 467 3952 erit,
492 3866 608 3956 atque
628 3843 765 3928 cadem
779 3871 885 3930 mors
899 3841 1074 3948 sontibus
1090 3839 1196 3928 esca:
1315 3873 1348 3934 55

181 4013 280 4094 Uno
295 4007 510 4122 eodemque
528 4008 625 4094 salus
643 4009 736 4095 fluet
755 4031 870 4122 atquc
887 4037 911 4092 e
928 4008 1041 4092 fonte
1058 4033 1263 4092 venenum.
1317 4100 1320 4106 ,

253 4173 316 4264 Sic
332 4175 403 4284 ait,
428 4197 545 4290 acque
559 4173 636 4268 suis
653 4177 829 4288 monibus
845 4173 925 4288 seii:
942 4175 1021 4286 ipse
1040 4171 1217 4296 gerebat,

917 4349 965 4426 M
988 4373 1008 4424 2
1270 4335 1356 4444 lpse
