3180 5184
278 297 332 368 cu
501 281 687 360 Mnnc1
721 279 1053 361 Hunnouumn
1090 281 1232 368 Vlnn

277 507 402 611 Inque
418 485 566 600 oculos,
584 513 819 604 tenuemque
834 492 874 577 in
893 493 1033 578 mentis
1052 493 1225 604 {implicit
1241 525 1388 606 auram,

277 667 359 750 Res
375 661 658 772 incomprenlas
674 657 782 744 sensu
797 687 877 770 quo
892 669 1052 744 cemele
1071 663 1229 772 pulsem.

277 831 379 944 Qis
396 855 516 942 porro
535 821 653 910 tantis
668 824 783 909 radiis
801 823 939 940 globus
959 826 1093 939 igneus
1111 826 1178 914 ille

276 998 449 1082 Circuitu
462 991 584 1108 longo
604 993 799 1103 amplexus
816 991 908 1076 coeli
929 1018 1044 1077 aurea
1060 997 1232 1104 templa?

275 1169 337 1249 Ut
349 1163 482 1274 procul
494 1155 668 1246 absiliunt
682 1155 846 1242 flemmae
859 1155 948 1241 hinc
959 1179 1073 1272 atque
1087 1161 1178 1246 inde
1191 1159 1378 1247 corusce!
1413 1185 1459 1240 σο

275 1335 336 1414 Ut
356 1355 476 1442 porro
494 1321 675 1412 absistunt
696 1321 886 1408 scintillae!
907 1342 951 1407 ut
969 1322 1009 1410 dc
1027 1326 1128 1440 ignis
1146 1327 1313 1438 anhelat,

274 1503 327 1582 Et
344 1497 490 1582 facibus
508 1489 645 1578 crebro
662 1491 799 1576 emiffis
817 1489 903 1574 lluit
919 1515 1055 1577 aureus
1074 1493 1216 1578 imber!

274 1663 408 1779 Qum
428 1661 577 1772 placida
594 1657 687 1744 milli
705 1657 898 1744 demulcet
914 1659 1126 1769 praecordia
1142 1661 1314 1750 flamma!

273 1833 404 1952 Qum
423 1830 520 1914 mira
539 1823 632 1910 mihi
652 1844 854 1936 pertentat
871 1823 1074 1910 dulcedine
1088 1831 1242 1937 pectus!

273 2001 356 2081 Aut
372 2017 434 2079 me
453 1995 603 2078 animus
622 1987 734 2100 fallit,
760 2013 1007 2103 mentemque
1023 1991 1214 2078 insomnia
1230 1994 1381 2103 ludunt,
1407 2018 1444 2089 σς

274 2167 357 2247 Aut
370 2161 507 2246 dumus
524 2161 606 2246 haec
622 2161 743 2244 sundli
758 2157 973 2270 fornaxque
990 2167 1029 2244 &
1046 2155 1170 2245 fomes
1187 2162 1339 2246 umoris.

272 2333 362 2414 Huc
379 2329 507 2413 omnis
523 2323 714 2412 conflatus
732 2350 856 2432 amor,
878 2325 1048 2410 conflata
1065 2327 1241 2438 voluptas

270 2485 429 2601 Omnis,
455 2506 497 2581 δι
513 2520 560 2578 ex
579 2493 689 2578 omni
702 2491 885 2578 conceffic
902 2495 1028 2606 gratia
1043 2496 1161 2581 coelo.

270 2665 378 2746 Nam
395 2663 479 2776 quis
493 2660 629 2745 tertius
643 2657 721 2769 ille,
747 2659 865 2746 micat
880 2663 945 2773 qui
961 2682 1123 2772 propter
1140 2679 1356 2774 utrumque,

274 2833 309 2912 A
327 2829 508 2941 genitore
522 2823 643 2910 fluens
661 2853 731 2934 per
748 2847 880 2910 natum
896 2829 1054 2912 numine
1066 2829 1227 2941 junsto?
1402 2857 1441 2922 m

272 3001 321 3078 In
340 2993 476 3078 mediis
490 2991 554 3076 vix
572 3014 734 3100 apparet
753 2991 1015 3104 splendoribus
1032 3010 1148 3080 aurea

270 3159 406 3265 Nube,
421 3183 508 3244 mea
523 3154 706 3267 prohibet
719 3183 805 3269 quae
820 3156 977 3266 lumina,
1004 3157 1259 3248 circumliusus.

270 3323 403 3440 Qum
416 3323 558 3431 similis,
571 3351 716 3437 parque
730 3319 937 3410 ambobus!
960 3351 1074 3440 quam
1091 3331 1249 3414 numine
1259 3349 1438 3443 compuri

269 3493 346 3578 Hic
361 3497 470 3577 Deus
487 3491 564 3598 hic,
584 3493 626 3578 ni
644 3489 771 3598 fallor,
789 3488 909 3600 adest,
928 3519 1043 3606 quem
1060 3491 1229 3608 denique
1245 3515 1393 3608 quaeuo,

268 3663 400 3776 Qem
417 3660 567 3772 sequor,
578 3657 747 3746 humana
758 3665 873 3771 quem
891 3659 1014 3744 tendo
1030 3684 1257 3771 expromene
1273 3691 1369 3749 voce
1399 3699 1434 3762 ⁷5

266 3821 502 3938 Implentem
518 3827 639 3912 maria
657 3838 699 3913 uc
717 3849 840 3911 terras
855 3825 1021 3939 coelique
1039 3827 1234 3937 prolimdc

265 3995 455 4100 Numine,
471 4002 513 4079 δι
530 3991 745 4107 amplivaga
762 4013 1000 4078 remeantem
1018 3994 1195 4106 protinus
1214 4019 1317 4102 aura,

264 4153 365 4249 Nun
378 4155 539 4271 fadum,
557 4155 796 4278 genitumve,
822 4185 897 4248 nec
912 4159 993 4248 ullo
1008 4161 1169 4250 cudone
1183 4177 1357 4250 creumm

1340 4329 1431 4414 Pto·
