3168 5190
362 312 548 393 Humnr
586 329 647 390 nu
684 307 851 392 Ruuus
888 310 1123 401 Drvrnrr.
1248 341 1326 418 259

158 527 386 646 Qinetiam
405 555 496 612 vera
513 554 586 638 pro
605 523 808 638 relligione
827 524 1055 641 pudoreque

158 695 282 780 Ultro
300 695 389 778 laeta
404 693 515 777 dares
534 691 666 804 gladio
683 717 773 776 cum
789 691 889 776 colla
912 691 1089 800 secanda,
1289 735 1329 782 ιι

158 865 278 952 Hunc
295 889 414 946 unum
432 860 590 945 exiliens
609 879 724 974 capue
741 863 764 942 'a
782 852 929 942 'cervice
945 859 1122 944 vocabat.

158 1026 232 1113 llle
248 1026 366 1140 igitur
381 1027 464 1134 tibi,
493 1027 668 1114 conditio
687 1045 729 1108 ut
745 1025 916 1110 mortalis
930 1027 1112 1138 adempta
1127 1027 1197 1138 est,

159 1196 237 1277 Pro
253 1196 333 1278 vita
350 1195 594 1300 moribunda,
621 1205 661 1280 &
678 1217 751 1302 pro
768 1190 902 1303 spretis
920 1194 1143 1298 Hymenaeis

160 1361 366 1446 Continuo
381 1361 491 1446 dedit
507 1361 692 1446 aethereau
711 1383 875 1472 regnare
895 1387 1082 1469 peroras,

159 1525 309 1611 Felices
326 1528 459 1638 populi
478 1527 627 1641 degunt
644 1525 709 1610 ubi
728 1545 856 1611 morte
873 1548 1050 1612 carentes
1291 1557 1326 1620 ²5

159 1699 376 1798 AEternnm,
403 1695 639 1806 pascuntque
657 1712 799 1802 optato
814 1690 960 1777 lumina
977 1695 1086 1780 vultu

160 1859 344 1944 Numinis
361 1861 546 1968 immenfi,
572 1859 749 1970 superum
766 1886 851 1970 quae
868 1859 1053 1943 immensa
1069 1860 1261 1970 uoluptas.

159 2026 239 2110 Hic
255 2026 325 2110 tibi
342 2026 441 2110 celsa
458 2028 611 2132 domus,
638 2023 857 2136 molemque
876 2028 915 2110 &
931 2027 1105 2138 corporis
1124 2048 1229 2112 artus

160 2191 238 2274 Hie
255 2191 402 2280 habitas
421 2215 548 2299 exuta,
575 2193 648 2278 tibi
668 2192 846 2276 mortalia
865 2219 985 2306 regna

160 2357 240 2442 Sub
258 2359 432 2468 pedibus,
452 2383 496 2446 tu
512 2358 711 2472 coelivagis
730 2358 903 2442 immixta
921 2361 1059 2469 puellis
1289 2393 1329 2459 3⁰

160 2525 321 2610 AEthera
338 2554 408 2636 per
425 2527 626 2638 superique
643 2523 786 2610 incedis
801 2525 921 2608 lidera
938 2526 1114 2638 Olympi.

159 2693 317 2803 Nempe
336 2693 477 2779 choros
491 2721 575 2778 cum
592 2691 692 2802 saepe
709 2711 836 2797 vocat,
863 2691 1050 2808 festasque
1069 2694 1230 2781 choreae

161 2859 308 2945 Siderei
327 2861 460 2974 regina
478 2861 570 2970 poli,
598 2857 833 2969 veniuntque
848 2881 995 2944 vocatu

161 3027 271 3110 Mille
291 3057 421 3135 nurus,
448 3029 658 3138 cindaeque
677 3026 763 3108 olea
780 3023 893 3108 felice
908 3027 1060 3136 puellae,

160 3194 307 3277 Secreti
324 3222 400 3307 qua
417 3195 505 3280 laeta
524 3194 644 3306 magis
663 3193 777 3304 plaga
791 3191 917 3277 lucida
930 3196 1038 3302 coeli,
1291 3227 1327 3294 35

160 3359 249 3470 ipsa
265 3361 372 3445 venis
389 3359 516 3444 forma
535 3381 627 3444 ante
647 3361 738 3444 alias
757 3359 971 3468 spediubilis
989 3388 1128 3447 omnes

160 3526 347 3637 Nympha
359 3527 475 3612 decus
489 3527 583 3611 coeli
602 3528 631 3608 ὀ
647 3525 904 3635 pulcherrima
918 3531 1149 3641 Margarita!

161 3692 305 3775 Omnis
325 3713 364 3776 te
384 3693 550 3804 sequitur
566 3693 723 3789 chorus;
743 3717 879 3775 omnes
897 3691 976 3776 lilia
993 3713 1137 3790 matres

82 3825 85 3830 Ι
159 3858 272 3940 Cana
290 3857 362 3942 tibi
379 3859 565 3966 sternunt,
585 3859 657 3942 tibi
673 3857 927 3970 narciffosque
946 3860 1129 3944 rubentes

160 4025 238 4107 Sub
255 4024 431 4134 pedibus,
458 4026 652 4138 capitique
668 4017 816 4108 addunt
830 4023 1048 4110 redolentia
1067 4023 1180 4112 serta.
1291 4059 1331 4115 4ο

157 4191 245 4302 Ipsa
260 4191 343 4278 suas
362 4190 434 4276 tibi
452 4194 620 4305 partitur
638 4187 865 4278 sanffiffima
883 4218 992 4278 curas
1340 4189 1344 4196 ’

834 4365 872 4444 K
890 4357 919 4443 k
941 4391 964 4443 2
1184 4356 1334 4446 AEterui
