3180 5184
350 224 537 304 Hrrrnr
574 239 636 299 nr
668 217 837 302 anur
871 217 1116 304 Drvrrrrs.
1304 223 1338 330 'fr
1453 331 1455 336 Ι

159 439 398 548 Principium
416 435 496 518 fine
515 433 721 546 principio,
745 435 825 520 fine
842 431 954 520 sonte
971 435 1121 524 scatens
1137 437 1251 528 fons:

159 611 226 690 Tu
245 605 318 688 tibi
337 601 584 715 principium,
606 601 761 685 tibimet
779 621 823 685 tn
841 605 1027 688 terminus
1045 606 1137 716 ipse.

160 775 305 883 Incipis
319 772 390 854 abr
407 791 462 876 te,
487 767 513 852 ii
531 767 680 877 incipis,
700 769 800 852 inte
818 767 955 856 definis
973 771 1117 880 ipsum

161 942 308 1050 Incipis
324 939 466 1024 iccirco
483 961 694 1046 nunquam,
713 961 795 1020 non
813 933 952 1022 definis
970 967 1151 1051 unquam.
1277 965 1339 1035 rrd

161 1111 262 1213 Ceu,
287 1107 328 1192 se
346 1106 412 1218 qui
428 1105 595 1215 sequitur
610 1101 738 1217 longis
757 1099 989 1190 anfranibnn
1007 1107 1126 1219 usqne

162 1281 235 1358 Per
248 1276 313 1360 sua
331 1275 538 1360 decurrens
553 1269 710 1384 vestigia
728 1269 870 1356 inbitur
887 1297 1020 1356 annus.

162 1443 253 1524 Nec
272 1444 310 1524 se
333 1441 471 1551 sponte
488 1440 552 1522 ina
571 1433 771 1522 discedens
789 1437 941 1522 deseret
958 1465 1143 1552 unquam,

163 1611 305 1692 Donec
324 1629 476 1718 tempus
496 1607 583 1710 erit,
609 1605 736 1690 donec
755 1605 820 1714 qui
839 1625 1016 1714 tempora
1035 1607 1173 1717 coepit,

165 1773 295 1857 Finiet
313 1775 431 1878 idem,
453 1773 626 1856 instantis
643 1773 758 1884 origo
771 1783 811 1856 dr
831 1773 1015 1856 terminus
1031 1776 1117 1881 aevi,
1280 1813 1333 1876 ης

167 1939 269 2022 Cum
286 1941 407 2046 volet,
428 1937 529 2024 haud
547 1939 649 2022 idem
667 1937 734 2022 fibi
749 1939 837 2024 finis
852 1951 892 2024 dr
911 1942 1034 2049 exitus
1052 1941 1134 2052 ipfi.

163 2107 262 2190 Non
281 2107 355 2190 tibi
372 2105 471 2209 heri,
490 2133 570 2190 non
585 2131 680 2211 cras,
699 2133 781 2190 non
800 2103 908 2219 qnod
922 2103 1008 2214 fuit,
1029 2129 1096 2192 aut
1114 2109 1190 2194 erit
1207 2111 1317 2220 olim,

165 2271 376 2382 Objicitur,
393 2268 461 2358 sed
481 2297 597 2378 nunc,
620 2271 816 2383 hodieque
833 2273 937 2356 haud
955 2273 1097 2358 labitur
1111 2305 1294 2388 unquam.

164 2438 287 2551 Qod
305 2439 464 2547 fastum,
487 2439 674 2524 insedium
691 2439 800 2542 facis,
824 2438 1087 2550 indidiurnque
1106 2443 1240 2551 videri,

89 2642 92 2646 -
165 2605 289 2714 Qor
303 2605 529 2710 arcumen,
543 2603 1012 2717 pennasqnomrnnmde
1026 2626 1158 2691 mente
1174 2589 1337 2698 ferens.

164 2770 288 2884 Qod
300 2773 479 2880 nuncest,
499 2775 572 2858 tibi
587 2774 737 2882 semper
751 2770 841 2874 erit,
856 2797 928 2855 nec
940 2775 1233 2884 praeteritaetas,
1277 2799 1334 2860 rrr

163 2939 256 3022 Nec
274 2961 315 3022 te
334 2959 487 3050 tempus
505 2939 646 3038 haben
674 2965 759 3050 quae
778 2939 892 3022 nobis
908 2965 1059 3052 cunque
1077 2943 1220 3053 futura,

164 3107 268 3186 Sunt
285 3107 356 3188 tibi
374 3105 491 3211 fana,
513 3105 705 3216 oculisque
720 3107 794 3189 tuis
815 3105 984 3220 snbjeda
1004 3107 1224 3221 priusquam

162 3269 292 3354 Terra
309 3292 447 3382 patens
464 3272 584 3376 foret,
601 3291 667 3354 aut
683 3272 775 3354 coeii
793 3273 1067 3382 pulcherrimus
1081 3275 1195 3361 ordo.

162 3435 283 3522 Tunc
295 3465 422 3548 neque
435 3457 692 3548 ternpuserat,
703 3465 829 3548 neque
843 3441 942 3548 post,
957 3467 1084 3552 neque
1093 3445 1214 3528 dicier
1226 3463 1334 3532 ante:

163 3605 314 3688 Omnia
326 3602 426 3688 solus
439 3631 538 3712 eras,
558 3605 597 3688 in
612 3623 651 3686 te
666 3606 812 3708 omnia,
834 3625 927 3690 tunc
940 3633 1095 3720 quoqne
1110 3629 1150 3694 te
1166 3641 1241 3699 nos
1277 3639 1335 3700 106

166 3773 246 3852 Ant
263 3771 370 3854 coelo
386 3769 541 3884 dignos,
566 3791 632 3855 rut
650 3793 758 3854 certe
778 3773 950 3858 sontibus
969 3775 1113 3862 umbris

164 3933 457 4046 Transcripfiffe
475 3939 616 4044 ferunt,
645 3950 684 4024 dr
694 3941 775 4052 jam
793 3939 856 4026 sun
872 3943 1028 4052 praemia
1043 3944 1180 4056 cuique

164 4105 242 4186 Pro
258 4103 408 4189 meritis
425 4103 586 4214 soiriffc‚
614 4105 676 4194 vel
696 4127 739 4190 nt
756 4127 820 4194 tua
838 4129 946 4194 certa
959 4109 1159 4211 voiuntas;

893 4279 927 4360 Β
1189 4279 1336 4387 Qam·
