3168 5190
341 305 527 396 Hunni
557 321 628 391 o's
663 311 829 394 Rusur
850 295 1101 396 'Divinis
1228 341 1303 397 221

135 529 245 613 Nam
265 527 371 612 simul
390 503 435 612 ac
453 529 585 612 laetum
600 527 641 610 in
657 545 805 620 cretum
825 529 1074 612 convenimus
1092 555 1241 634 omnes,

134 697 322 780 Foemina
338 699 471 808 virque
488 695 628 779 choros
646 695 808 810 agimus,
836 673 978 806 tuaque
991 673 1134 800 inclyta
1150 694 1253 782 fadla

137 869 348 974 AEquamus‘
364 863 493 962 coelo;
520 861 746 974 responsant
760 862 880 948 densa
894 863 1027 948 salida

137 1028 342 1144 Undique,
370 1043 410 1116 δι
426 1057 540 1114 aerea
554 1031 694 1115 recinit
712 1030 762 1114 de
779 1049 883 1115 turre
901 1033 1099 1116 Cremona

139 1197 409 1309 Armipotens,
436 1195 654 1312 gaudetque
671 1198 805 1309 procul
821 1197 968 1308 pietate
982 1195 1173 1298 suorum„
1270 1231 1309 1286 4ο
1385 1307 1389 1316 ¹

139 1361 290 1447 Primus
307 1391 386 1478 ego
403 1385 495 1448 ante
516 1391 599 1450 aras
618 1385 738 1472 vates,
765 1365 914 1476 vicique
932 1366 1106 1451 sacerdos

142 1528 328 1616 Carmina
343 1533 447 1618 mille
464 1561 578 1638 cauo,
605 1533 771 1618 totidem
791 1531 900 1644 plebs
916 1531 1092 1618 consona
1111 1530 1253 1616 reddit.

140 1696 310 1782 Primum
328 1696 449 1810 ipsam
463 1721 508 1784 ut
522 1700 668 1785 meritis
683 1687 847 1810 praesens
866 1697 1082 1788 devinxeris
1097 1699 1249 1804 Albam,

142 1865 418 1976 Expulerisque
435 1863 557 1972 adytis
573 1867 760 1950 mentitos
775 1868 932 1950 numina
947 1867 1061 1952 divos
1124 1911 1126 1916 v

143 2026 358 2144 Indigetes,
379 2057 589 2146 verumque
608 2038 738 2118 Deum
755 2034 944 2120 detexeris
962 2035 1048 2119 urbi
1270 2067 1305 2123 rr

143 2199 379 2308 Implentem
399 2205 531 2306 maria,
559 2229 604 2284 ac
622 2223 756 2308 terras,
783 2203 1003 2314 coelumque
1023 2199 1270 2313 profundum,

144 2367 409 2450 Concinimus:
438 2391 520 2452 tum
536 2391 579 2450 ut
597 2387 684 2450 tota
703 2372 776 2453 tuis
793 2335 972 2480 ultroque
986 2370 1163 2480 citroque

145 2529 272 2614 Gallia
290 2536 497 2644 praebuerit
516 2532 645 2622 faciles
662 2534 880 2619 hortatibus
904 2562 1026 2638 aures,

145 2699 348 2783 Admirata
365 2701 563 2786 homiuem
579 2701 692 2813 supra
711 2723 751 2786 te
772 2703 936 2813 plurima
952 2700 1094 2812 ubique

144 2865 254 2948 Poss‘e
270 2870 362 2950 Deo
379 2867 550 2979 plenum,
575 2869 765 2984 vanasque
783 2868 978 2980 reliquerit
999 2893 1098 2973 aras,
1274 2897 1310 2955 50

145 3040 199 3117 Et
214 3032 406 3118 simulacra
421 3039 551 3120 Deum
569 3035 684 3122 falsos
699 3036 902 3122 reddentia
915 3036 1064 3122 vultus:

147 3197 336 3310 Sparseris
351 3223 397 3286 ut
414 3205 497 3286 veri
511 3201 662 3289 divinos
677 3205 844 3289 numinis
862 3204 1015 3288 haustus

146 3373 221 3452 Per
235 3370 401 3482 populos
417 3370 455 3454 in
473 3369 604 3478 corda,
628 3369 852 3482 animosque
872 3373 912 3454 in
930 3374 1032 3456 nube
1046 3373 1218 3486 jacentes

147 3535 323 3620 Obscura
341 3537 526 3623 illustrans
545 3538 702 3623 monitis
721 3537 887 3620 erexeris
902 3537 1025 3624 aureis

149 3695 400 3780 Adrastum
417 3699 543 3808 jubar,
570 3698 818 3826 immensique
833 3695 882 3780 ad
901 3696 1054 3781 luminis
1072 3697 1199 3810 ignem
1276 3724 1311 3784 ss

148 3863 297 3948 Omnia
316 3891 385 3974 per
403 3887 523 3947 terras
542 3894 628 3976 quae
646 3867 722 3948 late
740 3858 842 3946 lama
858 3864 1034 3950 canebat.

147 4033 239 4114 Hoc
256 4049 296 4114 te
313 4029 449 4116 Ticini
463 4057 558 4143 gens
577 4033 707 4118 accola
723 4033 882 4116 nomine
901 4048 1015 4116 tanto

147 4197 326 4284 Praefrcit
343 4197 546 4310 divumque
564 4197 701 4304 adytis,
728 4223 956 4308 morumque
975 4193 1196 4310 magistrum

1197 4357 1315 4444 Haud

1567 1325 1570 1412 l

1570 1438 1571 1514 l
