<?xml version="1.0" encoding="UTF-8"?>
<!DOCTYPE html PUBLIC "-//W3C//DTD XHTML 1.0 Transitional//EN"
    "http://www.w3.org/TR/xhtml1/DTD/xhtml1-transitional.dtd">
<html xmlns="http://www.w3.org/1999/xhtml" xml:lang="en" lang="en">
 <head>
  <title>
</title>
<meta http-equiv="Content-Type" content="text/html;charset=utf-8" />
  <meta name='ocr-system' content='tesseract 3.04.00' />
  <meta name='ocr-capabilities' content='ocr_page ocr_carea ocr_par ocr_line ocrx_word'/>
</head>
<body>
  <div class='ocr_page' id='page_1' title='image "./marcihieronymiv00vidagoog_0285.png"; bbox 0 0 3168 5190; ppageno 0'>
   <div class='ocr_carea' id='block_1_1' title="bbox 243 309 1201 402">
    <p class='ocr_par' dir='ltr' id='par_1_1' title="bbox 243 309 1201 402">
     <span class='ocr_line' id='line_1_1' title="bbox 243 309 1201 402; baseline 0.006 -10"><span class='ocrx_word' id='word_1_1' title='bbox 243 321 324 402; x_wconf 75' lang='lat'>276</span> <span class='ocrx_word' id='word_1_2' title='bbox 465 312 651 390; x_wconf 75' lang='lat' dir='ltr'>blanci</span> <span class='ocrx_word' id='word_1_3' title='bbox 682 309 1026 394; x_wconf 76' lang='lat' dir='ltr'>&#39;H1urtouuu1</span> <span class='ocrx_word' id='word_1_4' title='bbox 1061 319 1201 399; x_wconf 75' lang='lat' dir='ltr'>Vrnn</span> 
     </span>
    </p>
   </div>
   <div class='ocr_carea' id='block_1_2' title="bbox 241 524 1163 648">
    <p class='ocr_par' dir='ltr' id='par_1_2' title="bbox 241 524 1163 648">
     <span class='ocr_line' id='line_1_2' title="bbox 241 524 1163 648; baseline 0.004 -35"><span class='ocrx_word' id='word_1_5' title='bbox 241 526 389 614; x_wconf 88' lang='lat' dir='ltr'>Vident</span> <span class='ocrx_word' id='word_1_6' title='bbox 406 525 557 637; x_wconf 88' lang='lat' dir='ltr'>piorum</span> <span class='ocrx_word' id='word_1_7' title='bbox 575 524 726 648; x_wconf 63' lang='lat' dir='ltr'>auimo,</span> <span class='ocrx_word' id='word_1_8' title='bbox 753 551 798 608; x_wconf 90' lang='lat' dir='ltr'>ac</span> <span class='ocrx_word' id='word_1_9' title='bbox 819 527 994 611; x_wconf 87' lang='lat' dir='ltr'>volucres</span> <span class='ocrx_word' id='word_1_10' title='bbox 1007 525 1163 638; x_wconf 88' lang='lat' dir='ltr'>spiritus</span> 
     </span>
    </p>
   </div>
   <div class='ocr_carea' id='block_1_3' title="bbox 237 691 1304 2476">
    <p class='ocr_par' dir='ltr' id='par_1_3' title="bbox 243 691 1113 804">
     <span class='ocr_line' id='line_1_3' title="bbox 243 691 1113 804; baseline 0.005 -28"><span class='ocrx_word' id='word_1_11' title='bbox 243 697 406 804; x_wconf 86' lang='lat' dir='ltr'>Semper</span> <span class='ocrx_word' id='word_1_12' title='bbox 423 694 529 777; x_wconf 92' lang='lat' dir='ltr'>beati</span> <span class='ocrx_word' id='word_1_13' title='bbox 546 691 713 779; x_wconf 87' lang='lat' dir='ltr'>humana</span> <span class='ocrx_word' id='word_1_14' title='bbox 732 691 850 796; x_wconf 68' lang='lat' dir='ltr'>fasta,</span> <span class='ocrx_word' id='word_1_15' title='bbox 872 703 912 778; x_wconf 71' lang='grc' dir='ltr'>ὃ(</span> <span class='ocrx_word' id='word_1_16' title='bbox 929 693 1113 790; x_wconf 73' lang='lat' dir='ltr'>audiunts</span> 
     </span>
    </p>

    <p class='ocr_par' dir='ltr' id='par_1_4' title="bbox 241 855 1010 968">
     <span class='ocr_line' id='line_1_4' title="bbox 241 855 1010 968; baseline -0.003 -22"><span class='ocrx_word' id='word_1_17' title='bbox 241 861 317 946; x_wconf 87' lang='lat' dir='ltr'>Sed</span> <span class='ocrx_word' id='word_1_18' title='bbox 337 861 419 946; x_wconf 86' lang='lat' dir='ltr'>non</span> <span class='ocrx_word' id='word_1_19' title='bbox 438 859 573 968; x_wconf 89' lang='lat' dir='ltr'>suapte</span> <span class='ocrx_word' id='word_1_20' title='bbox 591 861 684 964; x_wconf 87' lang='lat' dir='ltr'>acie,</span> <span class='ocrx_word' id='word_1_21' title='bbox 711 855 829 942; x_wconf 83' lang='lat' dir='ltr'>suove</span> <span class='ocrx_word' id='word_1_22' title='bbox 847 859 1010 944; x_wconf 88' lang='lat' dir='ltr'>lumine:</span> 
     </span>
    </p>

    <p class='ocr_par' dir='ltr' id='par_1_5' title="bbox 239 1028 1085 1138">
     <span class='ocr_line' id='line_1_5' title="bbox 239 1028 1085 1138; baseline 0.002 -24"><span class='ocrx_word' id='word_1_23' title='bbox 239 1031 314 1114; x_wconf 87' lang='lat' dir='ltr'>His</span> <span class='ocrx_word' id='word_1_24' title='bbox 333 1031 466 1114; x_wconf 85' lang='lat' dir='ltr'>omnia</span> <span class='ocrx_word' id='word_1_25' title='bbox 484 1028 735 1138; x_wconf 81' lang='lat' dir='ltr'>repraesentat</span> <span class='ocrx_word' id='word_1_26' title='bbox 753 1045 844 1110; x_wconf 90' lang='lat' dir='ltr'>ante</span> <span class='ocrx_word' id='word_1_27' title='bbox 863 1028 999 1112; x_wconf 87' lang='lat' dir='ltr'>oculos</span> <span class='ocrx_word' id='word_1_28' title='bbox 1021 1031 1085 1116; x_wconf 87' lang='lat' dir='ltr'>sua</span> 
     </span>
    </p>

    <p class='ocr_par' dir='ltr' id='par_1_6' title="bbox 241 1195 1042 1304">
     <span class='ocr_line' id='line_1_6' title="bbox 241 1195 1042 1304; baseline 0.002 -26"><span class='ocrx_word' id='word_1_29' title='bbox 241 1203 289 1278; x_wconf 89' lang='lat' dir='ltr'>ln</span> <span class='ocrx_word' id='word_1_30' title='bbox 309 1197 393 1281; x_wconf 85' lang='lat' dir='ltr'>luce</span> <span class='ocrx_word' id='word_1_31' title='bbox 412 1196 565 1284; x_wconf 79' lang='lat' dir='ltr'>soboles</span> <span class='ocrx_word' id='word_1_32' title='bbox 581 1197 721 1280; x_wconf 65' lang='lat' dir='ltr'>cundia</span> <span class='ocrx_word' id='word_1_33' title='bbox 739 1195 934 1279; x_wconf 88' lang='lat' dir='ltr'>cernentis</span> <span class='ocrx_word' id='word_1_34' title='bbox 950 1199 1042 1304; x_wconf 85' lang='lat' dir='ltr'>Dei,</span> 
     </span>
    </p>

    <p class='ocr_par' dir='ltr' id='par_1_7' title="bbox 240 1362 986 1476">
     <span class='ocr_line' id='line_1_7' title="bbox 240 1362 986 1476; baseline -0.008 -26"><span class='ocrx_word' id='word_1_35' title='bbox 240 1369 389 1450; x_wconf 86' lang='lat' dir='ltr'>Rerum</span> <span class='ocrx_word' id='word_1_36' title='bbox 408 1366 540 1450; x_wconf 89' lang='lat' dir='ltr'>fideles</span> <span class='ocrx_word' id='word_1_37' title='bbox 557 1362 767 1476; x_wconf 82' lang='lat' dir='ltr'>suggerens</span> <span class='ocrx_word' id='word_1_38' title='bbox 786 1363 986 1474; x_wconf 84' lang='lat' dir='ltr'>imagines.</span> 
     </span>
    </p>

    <p class='ocr_par' dir='ltr' id='par_1_8' title="bbox 239 1531 954 1636">
     <span class='ocr_line' id='line_1_8' title="bbox 239 1531 954 1636; baseline -0.008 -18"><span class='ocrx_word' id='word_1_39' title='bbox 239 1539 357 1618; x_wconf 90' lang='lat' dir='ltr'>Hunc</span> <span class='ocrx_word' id='word_1_40' title='bbox 374 1533 572 1619; x_wconf 87' lang='lat' dir='ltr'>intuentes</span> <span class='ocrx_word' id='word_1_41' title='bbox 589 1532 791 1614; x_wconf 88' lang='lat' dir='ltr'>intuentur</span> <span class='ocrx_word' id='word_1_42' title='bbox 807 1531 954 1636; x_wconf 87' lang='lat' dir='ltr'>omnia,</span> 
     </span>
    </p>

    <p class='ocr_par' dir='ltr' id='par_1_9' title="bbox 238 1695 1304 1975">
     <span class='ocr_line' id='line_1_9' title="bbox 239 1695 1304 1814; baseline 0.005 -32"><span class='ocrx_word' id='word_1_43' title='bbox 239 1701 494 1814; x_wconf 82' lang='lat' dir='ltr'>Qaecunque</span> <span class='ocrx_word' id='word_1_44' title='bbox 509 1727 622 1811; x_wconf 87' lang='lat' dir='ltr'>opus,</span> <span class='ocrx_word' id='word_1_45' title='bbox 649 1697 711 1780; x_wconf 86' lang='lat' dir='ltr'>vel</span> <span class='ocrx_word' id='word_1_46' title='bbox 730 1723 817 1810; x_wconf 82' lang='lat' dir='ltr'>quae</span> <span class='ocrx_word' id='word_1_47' title='bbox 833 1695 936 1782; x_wconf 89' lang='lat' dir='ltr'>haud</span> <span class='ocrx_word' id='word_1_48' title='bbox 953 1721 1068 1808; x_wconf 86' lang='lat' dir='ltr'>pater</span> <span class='ocrx_word' id='word_1_49' title='bbox 1082 1703 1137 1785; x_wconf 85' lang='lat' dir='ltr'>eis</span> <span class='ocrx_word' id='word_1_50' title='bbox 1154 1700 1304 1788; x_wconf 90' lang='lat' dir='ltr'>abnuit.</span> 
     </span>
     <span class='ocr_line' id='line_1_10' title="bbox 238 1864 1041 1975; baseline 0.004 -27"><span class='ocrx_word' id='word_1_51' title='bbox 238 1867 383 1950; x_wconf 85' lang='lat' dir='ltr'>Itidem</span> <span class='ocrx_word' id='word_1_52' title='bbox 399 1868 562 1954; x_wconf 86' lang='lat' dir='ltr'>audiunt</span> <span class='ocrx_word' id='word_1_53' title='bbox 581 1868 712 1949; x_wconf 89' lang='lat' dir='ltr'>omnia</span> <span class='ocrx_word' id='word_1_54' title='bbox 728 1864 855 1948; x_wconf 88' lang='lat' dir='ltr'>vocati</span> <span class='ocrx_word' id='word_1_55' title='bbox 872 1866 1041 1975; x_wconf 87' lang='lat' dir='ltr'>coelites,</span> 
     </span>
    </p>

    <p class='ocr_par' dir='ltr' id='par_1_10' title="bbox 237 2032 1142 2144">
     <span class='ocr_line' id='line_1_11' title="bbox 237 2032 1142 2144; baseline -0.007 -22"><span class='ocrx_word' id='word_1_56' title='bbox 237 2041 291 2122; x_wconf 86' lang='lat' dir='ltr'>Et</span> <span class='ocrx_word' id='word_1_57' title='bbox 306 2033 497 2119; x_wconf 89' lang='lat' dir='ltr'>obsecrati</span> <span class='ocrx_word' id='word_1_58' title='bbox 514 2062 587 2144; x_wconf 90' lang='lat' dir='ltr'>pro</span> <span class='ocrx_word' id='word_1_59' title='bbox 604 2032 895 2116; x_wconf 83' lang='lat' dir='ltr'>obsecrantibus</span> <span class='ocrx_word' id='word_1_60' title='bbox 912 2033 1142 2119; x_wconf 88' lang='lat' dir='ltr'>obsecrant:</span> 
     </span>
    </p>

    <p class='ocr_par' dir='ltr' id='par_1_11' title="bbox 237 2200 1267 2476">
     <span class='ocr_line' id='line_1_12' title="bbox 237 2200 1267 2312; baseline 0.002 -26"><span class='ocrx_word' id='word_1_61' title='bbox 237 2201 305 2286; x_wconf 84' lang='lat' dir='ltr'>Est</span> <span class='ocrx_word' id='word_1_62' title='bbox 319 2202 383 2285; x_wconf 83' lang='lat' dir='ltr'>ille</span> <span class='ocrx_word' id='word_1_63' title='bbox 403 2201 611 2312; x_wconf 87' lang='lat' dir='ltr'>speculum,</span> <span class='ocrx_word' id='word_1_64' title='bbox 637 2201 692 2283; x_wconf 91' lang='lat' dir='ltr'>est</span> <span class='ocrx_word' id='word_1_65' title='bbox 711 2227 806 2284; x_wconf 92' lang='lat' dir='ltr'>unus</span> <span class='ocrx_word' id='word_1_66' title='bbox 824 2200 927 2286; x_wconf 90' lang='lat' dir='ltr'>idem</span> <span class='ocrx_word' id='word_1_67' title='bbox 946 2205 1057 2288; x_wconf 85' lang='lat' dir='ltr'>Eeho</span> <span class='ocrx_word' id='word_1_68' title='bbox 1072 2205 1267 2290; x_wconf 88' lang='lat' dir='ltr'>omnibus.</span> 
     </span>
     <span class='ocr_line' id='line_1_13' title="bbox 237 2366 1049 2476; baseline 0.004 -25"><span class='ocrx_word' id='word_1_69' title='bbox 237 2367 307 2451; x_wconf 93' lang='lat' dir='ltr'>Ob</span> <span class='ocrx_word' id='word_1_70' title='bbox 325 2367 366 2452; x_wconf 93' lang='lat' dir='ltr'>id</span> <span class='ocrx_word' id='word_1_71' title='bbox 382 2390 515 2453; x_wconf 88' lang='lat' dir='ltr'>tamen</span> <span class='ocrx_word' id='word_1_72' title='bbox 532 2366 750 2453; x_wconf 81' lang='lat' dir='ltr'>mortalium</span> <span class='ocrx_word' id='word_1_73' title='bbox 771 2366 838 2476; x_wconf 82' lang='lat' dir='ltr'>ipss</span> <span class='ocrx_word' id='word_1_74' title='bbox 854 2371 1049 2454; x_wconf 87' lang='lat' dir='ltr'>mentibus</span> 
     </span>
    </p>
   </div>
   <div class='ocr_carea' id='block_1_4' title="bbox 236 2534 1031 2644">
    <p class='ocr_par' dir='ltr' id='par_1_12' title="bbox 236 2534 1031 2644">
     <span class='ocr_line' id='line_1_14' title="bbox 236 2534 1031 2644; baseline 0.004 -24"><span class='ocrx_word' id='word_1_75' title='bbox 236 2534 355 2620; x_wconf 91' lang='lat' dir='ltr'>Haud</span> <span class='ocrx_word' id='word_1_76' title='bbox 380 2535 622 2632; x_wconf 84' lang='lat' dir='ltr'>inseruntur;</span> <span class='ocrx_word' id='word_1_77' title='bbox 649 2535 750 2618; x_wconf 88' lang='lat' dir='ltr'>solus</span> <span class='ocrx_word' id='word_1_78' title='bbox 770 2534 903 2644; x_wconf 89' lang='lat' dir='ltr'>illapsu</span> <span class='ocrx_word' id='word_1_79' title='bbox 920 2542 1031 2622; x_wconf 89' lang='lat' dir='ltr'>Deus</span> 
     </span>
    </p>
   </div>
   <div class='ocr_carea' id='block_1_5' title="bbox 105 2683 973 2811">
    <p class='ocr_par' dir='ltr' id='par_1_13' title="bbox 105 2683 973 2811">
     <span class='ocr_line' id='line_1_15' title="bbox 105 2683 973 2811; baseline 0 -25"><span class='ocrx_word' id='word_1_80' title='bbox 105 2765 112 2776; x_wconf 76' lang='lat'>.</span> <span class='ocrx_word' id='word_1_81' title='bbox 136 2683 139 2688; x_wconf 34' lang='lat'>⁵</span> <span class='ocrx_word' id='word_1_82' title='bbox 236 2703 372 2811; x_wconf 85' lang='lat' dir='ltr'>Adest,</span> <span class='ocrx_word' id='word_1_83' title='bbox 396 2716 437 2789; x_wconf 88' lang='lat'>&amp;</span> <span class='ocrx_word' id='word_1_84' title='bbox 454 2705 592 2788; x_wconf 84' lang='lat' dir='ltr'>animis</span> <span class='ocrx_word' id='word_1_85' title='bbox 609 2703 736 2786; x_wconf 89' lang='lat' dir='ltr'>influit</span> <span class='ocrx_word' id='word_1_86' title='bbox 754 2701 973 2811; x_wconf 82' lang='lat' dir='ltr'>praesentia,</span> 
     </span>
    </p>
   </div>
   <div class='ocr_carea' id='block_1_6' title="bbox 232 2871 1416 4156">
    <p class='ocr_par' dir='ltr' id='par_1_14' title="bbox 237 2871 1032 2984">
     <span class='ocr_line' id='line_1_16' title="bbox 237 2871 1032 2984; baseline 0.003 -30"><span class='ocrx_word' id='word_1_87' title='bbox 237 2871 421 2984; x_wconf 88' lang='lat' dir='ltr'>Solusque</span> <span class='ocrx_word' id='word_1_88' title='bbox 439 2874 615 2984; x_wconf 90' lang='lat' dir='ltr'>propitio</span> <span class='ocrx_word' id='word_1_89' title='bbox 632 2873 745 2956; x_wconf 85' lang='lat' dir='ltr'>fovet</span> <span class='ocrx_word' id='word_1_90' title='bbox 764 2893 838 2953; x_wconf 87' lang='lat' dir='ltr'>nos</span> <span class='ocrx_word' id='word_1_91' title='bbox 862 2875 1032 2956; x_wconf 91' lang='lat' dir='ltr'>numine.</span> 
     </span>
    </p>

    <p class='ocr_par' dir='ltr' id='par_1_15' title="bbox 235 3039 1059 3142">
     <span class='ocr_line' id='line_1_17' title="bbox 235 3039 1059 3142; baseline 0 -20"><span class='ocrx_word' id='word_1_92' title='bbox 235 3041 344 3123; x_wconf 83' lang='lat' dir='ltr'>Nulli</span> <span class='ocrx_word' id='word_1_93' title='bbox 361 3061 496 3124; x_wconf 88' lang='lat' dir='ltr'>creato</span> <span class='ocrx_word' id='word_1_94' title='bbox 516 3041 572 3124; x_wconf 85' lang='lat' dir='ltr'>est</span> <span class='ocrx_word' id='word_1_95' title='bbox 592 3067 750 3142; x_wconf 88' lang='lat' dir='ltr'>numen,</span> <span class='ocrx_word' id='word_1_96' title='bbox 773 3058 841 3121; x_wconf 86' lang='lat' dir='ltr'>aut</span> <span class='ocrx_word' id='word_1_97' title='bbox 857 3039 1059 3125; x_wconf 88' lang='lat' dir='ltr'>divinitas:</span> 
     </span>
    </p>

    <p class='ocr_par' dir='ltr' id='par_1_16' title="bbox 235 3207 1068 3315">
     <span class='ocr_line' id='line_1_18' title="bbox 235 3207 1068 3315; baseline 0.001 -25"><span class='ocrx_word' id='word_1_98' title='bbox 235 3209 331 3290; x_wconf 90' lang='lat' dir='ltr'>Vult</span> <span class='ocrx_word' id='word_1_99' title='bbox 346 3207 427 3315; x_wconf 86' lang='lat' dir='ltr'>ipse</span> <span class='ocrx_word' id='word_1_100' title='bbox 444 3207 530 3314; x_wconf 89' lang='lat' dir='ltr'>post</span> <span class='ocrx_word' id='word_1_101' title='bbox 555 3207 591 3288; x_wconf 91' lang='lat' dir='ltr'>se</span> <span class='ocrx_word' id='word_1_102' title='bbox 611 3235 684 3288; x_wconf 88' lang='lat' dir='ltr'>nos</span> <span class='ocrx_word' id='word_1_103' title='bbox 703 3229 833 3288; x_wconf 89' lang='lat' dir='ltr'>tamen</span> <span class='ocrx_word' id='word_1_104' title='bbox 850 3208 1068 3292; x_wconf 87' lang='lat' dir='ltr'>venerarier</span> 
     </span>
    </p>

    <p class='ocr_par' dir='ltr' id='par_1_17' title="bbox 235 3374 977 3484">
     <span class='ocr_line' id='line_1_19' title="bbox 235 3374 977 3484; baseline 0.001 -30"><span class='ocrx_word' id='word_1_105' title='bbox 235 3375 401 3456; x_wconf 88' lang='lat' dir='ltr'>Honore</span> <span class='ocrx_word' id='word_1_106' title='bbox 418 3375 597 3484; x_wconf 85' lang='lat' dir='ltr'>proximo</span> <span class='ocrx_word' id='word_1_107' title='bbox 614 3375 790 3484; x_wconf 83' lang='lat' dir='ltr'>Qirites</span> <span class='ocrx_word' id='word_1_108' title='bbox 810 3374 977 3478; x_wconf 74' lang='lat' dir='ltr'>umeris,</span> 
     </span>
    </p>

    <p class='ocr_par' dir='ltr' id='par_1_18' title="bbox 234 3539 1003 3651">
     <span class='ocr_line' id='line_1_20' title="bbox 234 3539 1003 3651; baseline -0.001 -27"><span class='ocrx_word' id='word_1_109' title='bbox 234 3547 286 3624; x_wconf 86' lang='lat' dir='ltr'>Et</span> <span class='ocrx_word' id='word_1_110' title='bbox 305 3539 631 3651; x_wconf 89' lang='lat' dir='ltr'>supplicabundos</span> <span class='ocrx_word' id='word_1_111' title='bbox 650 3541 848 3649; x_wconf 72' lang='lat' dir='ltr'>sepulchra</span> <span class='ocrx_word' id='word_1_112' title='bbox 867 3541 1003 3644; x_wconf 85' lang='lat' dir='ltr'>visere,</span> 
     </span>
    </p>

    <p class='ocr_par' dir='ltr' id='par_1_19' title="bbox 232 3707 1297 3824">
     <span class='ocr_line' id='line_1_21' title="bbox 232 3707 1297 3824; baseline 0 -32"><span class='ocrx_word' id='word_1_113' title='bbox 232 3717 286 3792; x_wconf 82' lang='lat' dir='ltr'>Et</span> <span class='ocrx_word' id='word_1_114' title='bbox 303 3707 483 3824; x_wconf 90' lang='lat' dir='ltr'>quicquid</span> <span class='ocrx_word' id='word_1_115' title='bbox 504 3736 639 3792; x_wconf 91' lang='lat' dir='ltr'>eorum</span> <span class='ocrx_word' id='word_1_116' title='bbox 661 3707 785 3793; x_wconf 90' lang='lat' dir='ltr'>adhuc</span> <span class='ocrx_word' id='word_1_117' title='bbox 801 3707 903 3815; x_wconf 89' lang='lat' dir='ltr'>apud</span> <span class='ocrx_word' id='word_1_118' title='bbox 921 3736 992 3791; x_wconf 89' lang='lat' dir='ltr'>nos</span> <span class='ocrx_word' id='word_1_119' title='bbox 1013 3707 1201 3818; x_wconf 90' lang='lat' dir='ltr'>reliquum</span> <span class='ocrx_word' id='word_1_120' title='bbox 1218 3709 1297 3812; x_wconf 82' lang='lat' dir='ltr'>est;</span> 
     </span>
    </p>

    <p class='ocr_par' dir='ltr' id='par_1_20' title="bbox 234 3876 1243 3987">
     <span class='ocr_line' id='line_1_22' title="bbox 234 3876 1243 3987; baseline -0.004 -27"><span class='ocrx_word' id='word_1_121' title='bbox 234 3883 323 3960; x_wconf 89' lang='lat' dir='ltr'>Nec</span> <span class='ocrx_word' id='word_1_122' title='bbox 344 3877 457 3960; x_wconf 89' lang='lat' dir='ltr'>thura</span> <span class='ocrx_word' id='word_1_123' title='bbox 477 3879 532 3958; x_wconf 88' lang='lat' dir='ltr'>eis</span> <span class='ocrx_word' id='word_1_124' title='bbox 553 3905 708 3987; x_wconf 83' lang='lat' dir='ltr'>negare,</span> <span class='ocrx_word' id='word_1_125' title='bbox 737 3905 808 3962; x_wconf 88' lang='lat' dir='ltr'>nec</span> <span class='ocrx_word' id='word_1_126' title='bbox 827 3903 996 3982; x_wconf 87' lang='lat' dir='ltr'>crocum,</span> <span class='ocrx_word' id='word_1_127' title='bbox 1019 3895 1085 3958; x_wconf 82' lang='lat' dir='ltr'>aut</span> <span class='ocrx_word' id='word_1_128' title='bbox 1105 3876 1243 3966; x_wconf 86' lang='lat' dir='ltr'>rosam.</span> 
     </span>
    </p>

    <p class='ocr_par' dir='ltr' id='par_1_21' title="bbox 233 4041 1416 4156">
     <span class='ocr_line' id='line_1_23' title="bbox 233 4041 1416 4156; baseline -0.002 -34"><span class='ocrx_word' id='word_1_129' title='bbox 233 4047 366 4155; x_wconf 82' lang='lat' dir='ltr'>Qare</span> <span class='ocrx_word' id='word_1_130' title='bbox 385 4045 502 4156; x_wconf 83' lang='lat' dir='ltr'>agite,</span> <span class='ocrx_word' id='word_1_131' title='bbox 531 4071 678 4126; x_wconf 91' lang='lat' dir='ltr'>mecum</span> <span class='ocrx_word' id='word_1_132' title='bbox 700 4041 827 4130; x_wconf 84' lang='lat' dir='ltr'>adeste</span> <span class='ocrx_word' id='word_1_133' title='bbox 843 4044 987 4148; x_wconf 65' lang='lat' dir='ltr'>enneli,</span> <span class='ocrx_word' id='word_1_134' title='bbox 1009 4054 1047 4126; x_wconf 87' lang='lat'>&amp;</span> <span class='ocrx_word' id='word_1_135' title='bbox 1065 4041 1218 4126; x_wconf 88' lang='lat' dir='ltr'>aetheris</span> <span class='ocrx_word' id='word_1_136' title='bbox 1375 4063 1416 4120; x_wconf 76' lang='lat' dir='ltr'>to</span> 
     </span>
    </p>
   </div>
   <div class='ocr_carea' id='block_1_7' title="bbox 234 4211 954 4308">
    <p class='ocr_par' dir='ltr' id='par_1_22' title="bbox 234 4211 954 4308">
     <span class='ocr_line' id='line_1_24' title="bbox 234 4211 954 4308; baseline 0.003 -18"><span class='ocrx_word' id='word_1_137' title='bbox 234 4215 412 4292; x_wconf 86' lang='lat' dir='ltr'>Ouerate</span> <span class='ocrx_word' id='word_1_138' title='bbox 431 4212 530 4294; x_wconf 76' lang='lat' dir='ltr'>votis</span> <span class='ocrx_word' id='word_1_139' title='bbox 553 4211 763 4296; x_wconf 84' lang='lat' dir='ltr'>universam</span> <span class='ocrx_word' id='word_1_140' title='bbox 786 4213 954 4308; x_wconf 82' lang='lat' dir='ltr'>curiam;</span> 
     </span>
    </p>
   </div>
   <div class='ocr_carea' id='block_1_8' title="bbox 1276 4375 1412 4460">
    <p class='ocr_par' dir='ltr' id='par_1_23' title="bbox 1276 4375 1412 4460">
     <span class='ocr_line' id='line_1_25' title="bbox 1276 4375 1412 4460; baseline 0 0"><span class='ocrx_word' id='word_1_141' title='bbox 1276 4375 1412 4460; x_wconf 87' lang='lat' dir='ltr'>Nobis</span> 
     </span>
    </p>
   </div>
   <div class='ocr_carea' id='block_1_9' title="bbox 0 0 1588 5190">
    <p class='ocr_par' dir='ltr' id='par_1_24' title="bbox 0 0 1588 5190">
     <span class='ocr_line' id='line_1_26' title="bbox 0 0 1588 5190; baseline 0 3"><span class='ocrx_word' id='word_1_142' title='bbox 0 0 1588 5190; x_wconf 95' lang='lat' dir='ltr'> </span> 
     </span>
    </p>
   </div>
  </div>
 </body>
</html>
