3168 5190
332 265 516 346 Huuur
554 286 614 346 uu
652 259 822 346 Rarus
847 262 1089 349 Drvrurt.
1212 297 1291 373 ²³9

124 479 232 567 lilius
250 481 435 594 impreffis
450 505 603 592 ponens
616 479 777 591 vestigia
794 477 925 592 figuris,

126 652 211 766 Qi
229 653 338 736 Deus
356 649 559 752 humanos,
581 645 701 732 morti
716 647 864 752 obvius,
884 645 1009 736 induit
1027 665 1144 736 artus.

127 821 267 925 thue
281 817 361 902 Dei
379 817 443 900 ille
458 815 589 898 animo
599 811 836 898 'observabat
853 811 959 901 facta
976 811 1127 927 sequaci

129 983 316 1090 AEmulus,
337 981 515 1066 humanis
531 1000 718 1094 quantum
733 976 793 1066 fas
809 979 953 1065 vitibus
969 981 1047 1090 uili,

131 1148 195 1234 Sic
212 1149 340 1256 nobis,
358 1148 495 1262 quibus
510 1147 567 1233 est
583 1149 616 1232 is
633 1147 774 1256 nouos,
798 1118 948 1260 parque
964 1143 1085 1234 infula
1100 1146 1237 1262 cingit,
1260 1183 1296 1244 tt

130 1318 277 1427 (Atque
291 1317 438 1400 utinam
451 1341 607 1429 quoque
621 1340 690 1426 par
704 1287 839 1420 uirtus,
849 1314 981 1428 visque
994 1315 1131 1402 emula
1145 1317 1303 1428 mentis)

131 1480 238 1565 Illius
256 1483 305 1568 ad
323 1483 513 1594 speculum
532 1483 682 1569 nostros
700 1509 941 1592 componere
956 1459 1085 1569 sensus

134 1649 237 1733 Cura
251 1667 348 1756 erat,
372 1663 413 1738 δι
430 1651 529 1737 uitas
543 1650 747 1737 bominum
761 1645 932 1734 formare
946 1648 1127 1738 colendo.
1255 1683 1259 1690 ·

134 1813 209 1898 Ille
223 1817 394 1928 quidem,
421 1839 597 1902 metuens
616 1843 667 1902 ne
684 1813 764 1912 sese
782 1814 907 1928 gioria
919 1814 1055 1900 inruet

134 1981 316 2067 Tolleret
331 1982 373 2068 in
388 2004 541 2092 tentos,
560 1981 711 2094 semper
723 1983 930 2070 benefacta
949 1981 1122 2098 tegebat,
1267 2023 1305 2084 ςο
1443 2014 1447 2023 ·

138 2147 460 2264 Diffimuiausque
477 2151 680 2262 premebat
696 2149 803 2266 humi
820 2152 860 2236 se
872 2148 1013 2263 sponte
1025 2151 1235 2263 jacentem,

141 2320 331 2402 Attamen
345 2317 463 2430 usque
478 2315 549 2402 suo
567 2321 757 2404 tralucens
773 2319 865 2432 igne
881 2317 1050 2404 micabat

141 2483 335 2589 Proditus,
359 2493 400 2570 &
418 2513 499 2596 quo
516 2482 555 2569 se
572 2505 768 2596 premeret
786 2486 923 2598 magis,
949 2483 1026 2568 boc
1043 2484 1166 2599 magia
1187 2484 1308 2572 altum

143 2653 231 2733 Ore
246 2649 386 2738 sonans
403 2653 560 2738 cunetas
578 2651 742 2738 tollebat
757 2648 861 2736 fama
877 2677 948 2760 per
964 2651 1090 2735 urbes.

144 2818 260 2904 Multi
278 2817 384 2903 illum
401 2820 550 2930 populi,
567 2819 772 2932 multaeque
788 2843 859 2927 per
873 2816 1022 2932 'oppida
1039 2837 1178 2932 gentes
1273 2853 1309 2916 tt

145 2987 349 3093 Optavere
366 2987 518 3091 ducem,
536 2987 680 3102 sibique
694 2988 875 3074 affcivere
892 2985 1137 3098 magistrum:
1234 2991 1238 3006 ⁴

147 3152 410 3266 Mortalesque
424 3155 541 3260 adeo,
564 3175 679 3267 quam
695 3153 814 3260 densa
831 3155 873 3240 in
887 3153 1006 3239 nocie
1021 3153 1196 3266 jacerent

146 3319 330 3428 Oppreffi
345 3321 581 3436 admonitos,
601 3324 692 3407 uitae
713 3323 858 3409 taedete
876 3321 1015 3434 prioris

150 3483 342 3594 Coeptum
360 3463 465 3574 erat:
495 3487 560 3573 hic
576 3488 655 3574 illic
671 3490 809 3576 flentes
823 3486 981 3574 adrniss'a
995 3511 1065 3596 pet
1082 3484 1194 3570 urbes

151 3651 293 3764 Inuge
309 3656 386 3740 alio
402 3655 496 3742 verb
513 3657 749 3768 incipiebant
763 3657 890 3742 viuere
906 3653 1030 3740 sensu.

152 3817 241 3929 Jam
260 3817 373 3906 sacris
390 3824 569 3930 cedebat,
592 3823 734 3936 ubique
748 3821 918 3908 coercita
932 3817 1061 3904 frenis

154 3989 440 4102 Fraudumque,
460 3991 718 4104 scelerumque
732 3989 911 4086 licentia;
938 3989 1017 4102 jam
1031 4011 1134 4074 uota
1151 3983 1266 4070 rebus

155 4155 322 4242 Mutatis
338 4153 456 4246 faciet
470 4159 695 4246 mortalibus
709 4125 907 4270 apparere.

198 4331 201 4338 '
1217 4313 1340 4429 Jamg
