<?xml version="1.0" encoding="UTF-8"?>
<!DOCTYPE html PUBLIC "-//W3C//DTD XHTML 1.0 Transitional//EN"
    "http://www.w3.org/TR/xhtml1/DTD/xhtml1-transitional.dtd">
<html xmlns="http://www.w3.org/1999/xhtml" xml:lang="en" lang="en">
 <head>
  <title>
</title>
<meta http-equiv="Content-Type" content="text/html;charset=utf-8" />
  <meta name='ocr-system' content='tesseract 3.04.00' />
  <meta name='ocr-capabilities' content='ocr_page ocr_carea ocr_par ocr_line ocrx_word'/>
</head>
<body>
  <div class='ocr_page' id='page_1' title='image "./marcihieronymiv00vidagoog_0274.png"; bbox 0 0 3168 5190; ppageno 0'>
   <div class='ocr_carea' id='block_1_1' title="bbox 308 215 1332 326">
    <p class='ocr_par' dir='ltr' id='par_1_1' title="bbox 308 215 1332 326">
     <span class='ocr_line' id='line_1_1' title="bbox 308 215 1332 326; baseline -0.009 -13"><span class='ocrx_word' id='word_1_1' title='bbox 308 215 314 228; x_wconf 69' lang='grc'>’</span> <span class='ocrx_word' id='word_1_2' title='bbox 371 229 553 312; x_wconf 81' lang='lat' dir='ltr'>Humur</span> <span class='ocrx_word' id='word_1_3' title='bbox 592 247 652 306; x_wconf 82' lang='lat' dir='ltr'>ut</span> <span class='ocrx_word' id='word_1_4' title='bbox 687 223 853 306; x_wconf 75' lang='lat' dir='ltr'>Rarus</span> <span class='ocrx_word' id='word_1_5' title='bbox 888 221 1126 308; x_wconf 80' lang='lat' dir='ltr'>Dtvrurs.</span> <span class='ocrx_word' id='word_1_6' title='bbox 1252 238 1332 326; x_wconf 84' lang='lat'>265</span> 
     </span>
    </p>
   </div>
   <div class='ocr_carea' id='block_1_2' title="bbox 168 437 1280 884">
    <p class='ocr_par' dir='ltr' id='par_1_2' title="bbox 168 437 1280 884">
     <span class='ocr_line' id='line_1_2' title="bbox 168 437 1077 529; baseline -0.008 0"><span class='ocrx_word' id='word_1_7' title='bbox 168 443 330 529; x_wconf 86' lang='lat' dir='ltr'>Praesrde</span> <span class='ocrx_word' id='word_1_8' title='bbox 348 437 448 527; x_wconf 88' lang='lat' dir='ltr'>freta</span> <span class='ocrx_word' id='word_1_9' title='bbox 464 445 557 526; x_wconf 90' lang='lat' dir='ltr'>Deo</span> <span class='ocrx_word' id='word_1_10' title='bbox 571 438 749 526; x_wconf 80' lang='lat' dir='ltr'>saevarum</span> <span class='ocrx_word' id='word_1_11' title='bbox 764 440 878 524; x_wconf 88' lang='lat' dir='ltr'>lustra</span> <span class='ocrx_word' id='word_1_12' title='bbox 898 439 1077 524; x_wconf 87' lang='lat' dir='ltr'>feramm.</span> 
     </span>
     <span class='ocr_line' id='line_1_3' title="bbox 168 604 1280 718; baseline -0.005 -18"><span class='ocrx_word' id='word_1_13' title='bbox 168 617 269 700; x_wconf 86' lang='lat' dir='ltr'>Non</span> <span class='ocrx_word' id='word_1_14' title='bbox 288 629 418 697; x_wconf 85' lang='lat' dir='ltr'>tamen</span> <span class='ocrx_word' id='word_1_15' title='bbox 434 633 552 694; x_wconf 90' lang='lat' dir='ltr'>omne</span> <span class='ocrx_word' id='word_1_16' title='bbox 568 606 689 694; x_wconf 88' lang='lat' dir='ltr'>solum</span> <span class='ocrx_word' id='word_1_17' title='bbox 709 606 817 690; x_wconf 92' lang='lat' dir='ltr'>cordi</span> <span class='ocrx_word' id='word_1_18' title='bbox 832 607 923 706; x_wconf 83' lang='lat' dir='ltr'>tibi;</span> <span class='ocrx_word' id='word_1_19' title='bbox 950 604 1017 690; x_wconf 89' lang='lat' dir='ltr'>sed</span> <span class='ocrx_word' id='word_1_20' title='bbox 1037 606 1164 718; x_wconf 89' lang='lat' dir='ltr'>placet</span> <span class='ocrx_word' id='word_1_21' title='bbox 1182 633 1280 696; x_wconf 78' lang='lat' dir='ltr'>unus</span> 
     </span>
     <span class='ocr_line' id='line_1_4' title="bbox 169 772 1166 884; baseline -0.008 -20"><span class='ocrx_word' id='word_1_22' title='bbox 169 779 321 864; x_wconf 85' lang='lat' dir='ltr'>Montis</span> <span class='ocrx_word' id='word_1_23' title='bbox 339 774 518 884; x_wconf 83' lang='lat' dir='ltr'>oliviferi,</span> <span class='ocrx_word' id='word_1_24' title='bbox 538 775 779 879; x_wconf 89' lang='lat' dir='ltr'>Solymorum</span> <span class='ocrx_word' id='word_1_25' title='bbox 796 775 858 884; x_wconf 91' lang='lat' dir='ltr'>qui</span> <span class='ocrx_word' id='word_1_26' title='bbox 874 772 1052 857; x_wconf 89' lang='lat' dir='ltr'>imminet</span> <span class='ocrx_word' id='word_1_27' title='bbox 1065 773 1166 881; x_wconf 88' lang='lat' dir='ltr'>urbi,</span> 
     </span>
    </p>
   </div>
   <div class='ocr_carea' id='block_1_3' title="bbox 172 938 1336 1192">
    <p class='ocr_par' dir='ltr' id='par_1_3' title="bbox 172 938 1336 1192">
     <span class='ocr_line' id='line_1_5' title="bbox 172 938 1282 1054; baseline -0.006 -24"><span class='ocrx_word' id='word_1_28' title='bbox 172 946 282 1034; x_wconf 85' lang='lat' dir='ltr'>Altus</span> <span class='ocrx_word' id='word_1_29' title='bbox 300 972 412 1054; x_wconf 85' lang='lat' dir='ltr'>apex,</span> <span class='ocrx_word' id='word_1_30' title='bbox 432 968 545 1054; x_wconf 90' lang='lat' dir='ltr'>quem</span> <span class='ocrx_word' id='word_1_31' title='bbox 563 944 660 1051; x_wconf 84' lang='lat' dir='ltr'>saepe</span> <span class='ocrx_word' id='word_1_32' title='bbox 675 960 764 1022; x_wconf 86' lang='lat' dir='ltr'>tuos</span> <span class='ocrx_word' id='word_1_33' title='bbox 779 938 951 1023; x_wconf 85' lang='lat' dir='ltr'>audimus</span> <span class='ocrx_word' id='word_1_34' title='bbox 967 967 1119 1026; x_wconf 88' lang='lat' dir='ltr'>amores</span> <span class='ocrx_word' id='word_1_35' title='bbox 1274 1031 1282 1048; x_wconf 54' lang='lat'>,</span> 
     </span>
     <span class='ocr_line' id='line_1_6' title="bbox 173 1095 1336 1192; baseline -0.005 -6"><span class='ocrx_word' id='word_1_36' title='bbox 173 1105 275 1186; x_wconf 90' lang='lat' dir='ltr'>Cum</span> <span class='ocrx_word' id='word_1_37' title='bbox 292 1101 403 1186; x_wconf 87' lang='lat' dir='ltr'>sociis</span> <span class='ocrx_word' id='word_1_38' title='bbox 420 1099 586 1184; x_wconf 88' lang='lat' dir='ltr'>lustrasse</span> <span class='ocrx_word' id='word_1_39' title='bbox 605 1103 734 1184; x_wconf 91' lang='lat' dir='ltr'>Deum</span> <span class='ocrx_word' id='word_1_40' title='bbox 750 1095 817 1182; x_wconf 92' lang='lat' dir='ltr'>sub</span> <span class='ocrx_word' id='word_1_41' title='bbox 830 1101 934 1183; x_wconf 89' lang='lat' dir='ltr'>mole</span> <span class='ocrx_word' id='word_1_42' title='bbox 946 1101 1135 1186; x_wconf 89' lang='lat' dir='ltr'>latentem</span> <span class='ocrx_word' id='word_1_43' title='bbox 1297 1119 1336 1192; x_wconf 75' lang='grc' dir='ltr'>σς</span> 
     </span>
    </p>
   </div>
   <div class='ocr_carea' id='block_1_4' title="bbox 173 1265 1344 2060">
    <p class='ocr_par' dir='ltr' id='par_1_4' title="bbox 173 1265 1104 1379">
     <span class='ocr_line' id='line_1_7' title="bbox 173 1265 1104 1379; baseline -0.004 -25"><span class='ocrx_word' id='word_1_44' title='bbox 173 1273 391 1379; x_wconf 87' lang='lat' dir='ltr'>Corporea,</span> <span class='ocrx_word' id='word_1_45' title='bbox 415 1265 625 1378; x_wconf 84' lang='lat' dir='ltr'>fcffumque</span> <span class='ocrx_word' id='word_1_46' title='bbox 643 1265 737 1350; x_wconf 88' lang='lat' dir='ltr'>oleis</span> <span class='ocrx_word' id='word_1_47' title='bbox 754 1266 907 1378; x_wconf 86' lang='lat' dir='ltr'>jacuiffe</span> <span class='ocrx_word' id='word_1_48' title='bbox 923 1267 990 1351; x_wconf 89' lang='lat' dir='ltr'>sub</span> <span class='ocrx_word' id='word_1_49' title='bbox 1005 1266 1104 1352; x_wconf 84' lang='lat' dir='ltr'>altis.</span> 
     </span>
    </p>

    <p class='ocr_par' dir='ltr' id='par_1_5' title="bbox 174 1431 1239 1879">
     <span class='ocr_line' id='line_1_8' title="bbox 174 1431 1239 1548; baseline 0 -30"><span class='ocrx_word' id='word_1_50' title='bbox 174 1439 316 1548; x_wconf 82' lang='lat' dir='ltr'>Qove</span> <span class='ocrx_word' id='word_1_51' title='bbox 339 1433 521 1544; x_wconf 88' lang='lat' dir='ltr'>pudicitia</span> <span class='ocrx_word' id='word_1_52' title='bbox 538 1433 719 1518; x_wconf 90' lang='lat' dir='ltr'>incolumi</span> <span class='ocrx_word' id='word_1_53' title='bbox 736 1431 791 1514; x_wconf 88' lang='lat' dir='ltr'>vis</span> <span class='ocrx_word' id='word_1_54' title='bbox 806 1433 932 1515; x_wconf 89' lang='lat' dir='ltr'>omnis</span> <span class='ocrx_word' id='word_1_55' title='bbox 950 1433 1106 1541; x_wconf 81' lang='lat' dir='ltr'>abesset,</span> <span class='ocrx_word' id='word_1_56' title='bbox 1237 1532 1239 1538; x_wconf 17' lang='lat' dir='ltr'><em>s</em></span> 
     </span>
     <span class='ocr_line' id='line_1_9' title="bbox 175 1599 1192 1714; baseline -0.004 -23"><span class='ocrx_word' id='word_1_57' title='bbox 175 1605 293 1691; x_wconf 83' lang='lat' dir='ltr'>Veste</span> <span class='ocrx_word' id='word_1_58' title='bbox 312 1629 432 1714; x_wconf 86' lang='lat' dir='ltr'>genus</span> <span class='ocrx_word' id='word_1_59' title='bbox 447 1599 626 1704; x_wconf 89' lang='lat' dir='ltr'>mentita,</span> <span class='ocrx_word' id='word_1_60' title='bbox 653 1600 850 1709; x_wconf 89' lang='lat' dir='ltr'>virumque</span> <span class='ocrx_word' id='word_1_61' title='bbox 866 1599 1015 1684; x_wconf 85' lang='lat' dir='ltr'>imitata</span> <span class='ocrx_word' id='word_1_62' title='bbox 1032 1601 1192 1687; x_wconf 84' lang='lat' dir='ltr'>latebas.</span> 
     </span>
     <span class='ocr_line' id='line_1_10' title="bbox 176 1748 1099 1879; baseline -0.001 -27"><span class='ocrx_word' id='word_1_63' title='bbox 176 1748 408 1876; x_wconf 66' lang='lat' dir='ltr'>Fortunati,</span> <span class='ocrx_word' id='word_1_64' title='bbox 429 1767 564 1879; x_wconf 83' lang='lat' dir='ltr'>amplis</span> <span class='ocrx_word' id='word_1_65' title='bbox 581 1767 735 1877; x_wconf 88' lang='lat' dir='ltr'>opibus,</span> <span class='ocrx_word' id='word_1_66' title='bbox 755 1764 939 1877; x_wconf 87' lang='lat' dir='ltr'>rebusque</span> <span class='ocrx_word' id='word_1_67' title='bbox 956 1767 1099 1852; x_wconf 71' lang='lat' dir='ltr'>relistic</span> 
     </span>
    </p>

    <p class='ocr_par' dir='ltr' id='par_1_6' title="bbox 177 1932 1344 2060">
     <span class='ocr_line' id='line_1_11' title="bbox 177 1932 1344 2060; baseline 0 -42"><span class='ocrx_word' id='word_1_68' title='bbox 177 1936 279 2020; x_wconf 89' lang='lat' dir='ltr'>Sede</span> <span class='ocrx_word' id='word_1_69' title='bbox 294 1935 552 2060; x_wconf 15' lang='lat' dir='ltr'>sublangusta,</span> <span class='ocrx_word' id='word_1_70' title='bbox 580 1935 784 2047; x_wconf 87' lang='lat' dir='ltr'>tugurique</span> <span class='ocrx_word' id='word_1_71' title='bbox 798 1932 838 2018; x_wconf 90' lang='lat' dir='ltr'>iu</span> <span class='ocrx_word' id='word_1_72' title='bbox 854 1933 1031 2043; x_wconf 89' lang='lat' dir='ltr'>pauperis</span> <span class='ocrx_word' id='word_1_73' title='bbox 1046 1954 1163 2019; x_wconf 88' lang='lat' dir='ltr'>antro</span> <span class='ocrx_word' id='word_1_74' title='bbox 1303 1973 1344 2028; x_wconf 77' lang='lat'>70</span> 
     </span>
    </p>
   </div>
   <div class='ocr_carea' id='block_1_5' title="bbox 177 2099 1188 2218">
    <p class='ocr_par' dir='ltr' id='par_1_7' title="bbox 177 2099 1188 2218">
     <span class='ocr_line' id='line_1_12' title="bbox 177 2099 1188 2218; baseline 0 -34"><span class='ocrx_word' id='word_1_75' title='bbox 177 2107 328 2212; x_wconf 84' lang='lat' dir='ltr'>Pauper</span> <span class='ocrx_word' id='word_1_76' title='bbox 349 2103 429 2218; x_wconf 85' lang='lat' dir='ltr'>agis</span> <span class='ocrx_word' id='word_1_77' title='bbox 446 2101 579 2188; x_wconf 86' lang='lat' dir='ltr'>duram</span> <span class='ocrx_word' id='word_1_78' title='bbox 596 2129 677 2184; x_wconf 91' lang='lat' dir='ltr'>non</span> <span class='ocrx_word' id='word_1_79' title='bbox 693 2119 862 2212; x_wconf 82' lang='lat' dir='ltr'>paupere</span> <span class='ocrx_word' id='word_1_80' title='bbox 880 2099 1040 2211; x_wconf 80' lang='lat' dir='ltr'>pectore</span> <span class='ocrx_word' id='word_1_81' title='bbox 1057 2101 1188 2186; x_wconf 86' lang='lat' dir='ltr'>vitam.</span> 
     </span>
    </p>
   </div>
   <div class='ocr_carea' id='block_1_6' title="bbox 172 2266 1431 4358">
    <p class='ocr_par' dir='ltr' id='par_1_8' title="bbox 180 2266 1201 2381">
     <span class='ocr_line' id='line_1_13' title="bbox 180 2266 1201 2381; baseline -0.007 -23"><span class='ocrx_word' id='word_1_82' title='bbox 180 2269 310 2358; x_wconf 88' lang='lat' dir='ltr'>Vincis</span> <span class='ocrx_word' id='word_1_83' title='bbox 324 2295 420 2378; x_wconf 86' lang='lat' dir='ltr'>opes</span> <span class='ocrx_word' id='word_1_84' title='bbox 434 2266 580 2372; x_wconf 88' lang='lat' dir='ltr'>animo,</span> <span class='ocrx_word' id='word_1_85' title='bbox 606 2294 732 2377; x_wconf 89' lang='lat' dir='ltr'>nuper</span> <span class='ocrx_word' id='word_1_86' title='bbox 745 2269 883 2381; x_wconf 84' lang='lat' dir='ltr'>quibus</span> <span class='ocrx_word' id='word_1_87' title='bbox 897 2268 1025 2377; x_wconf 89' lang='lat' dir='ltr'>ampla</span> <span class='ocrx_word' id='word_1_88' title='bbox 1040 2267 1201 2375; x_wconf 75' lang='lat' dir='ltr'>fluebat,</span> 
     </span>
    </p>

    <p class='ocr_par' dir='ltr' id='par_1_9' title="bbox 172 2432 1319 2548">
     <span class='ocr_line' id='line_1_14' title="bbox 172 2432 1319 2548; baseline 0 -28"><span class='ocrx_word' id='word_1_89' title='bbox 172 2438 270 2520; x_wconf 90' lang='lat' dir='ltr'>·Nec</span> <span class='ocrx_word' id='word_1_90' title='bbox 286 2435 488 2548; x_wconf 88' lang='lat' dir='ltr'>quicquam</span> <span class='ocrx_word' id='word_1_91' title='bbox 503 2433 575 2517; x_wconf 93' lang='lat' dir='ltr'>tibi</span> <span class='ocrx_word' id='word_1_92' title='bbox 594 2432 704 2540; x_wconf 89' lang='lat' dir='ltr'>defit,</span> <span class='ocrx_word' id='word_1_93' title='bbox 716 2435 834 2520; x_wconf 88' lang='lat' dir='ltr'>habes</span> <span class='ocrx_word' id='word_1_94' title='bbox 849 2433 1005 2544; x_wconf 85' lang='lat' dir='ltr'>quando</span> <span class='ocrx_word' id='word_1_95' title='bbox 1021 2433 1155 2518; x_wconf 84' lang='lat' dir='ltr'>omnia</span> <span class='ocrx_word' id='word_1_96' title='bbox 1168 2437 1210 2522; x_wconf 91' lang='lat' dir='ltr'>in</span> <span class='ocrx_word' id='word_1_97' title='bbox 1225 2463 1319 2548; x_wconf 88' lang='lat' dir='ltr'>uno,</span> 
     </span>
    </p>

    <p class='ocr_par' dir='ltr' id='par_1_10' title="bbox 182 2577 1198 2715">
     <span class='ocr_line' id='line_1_15' title="bbox 182 2577 1198 2715; baseline 0.002 -29"><span class='ocrx_word' id='word_1_98' title='bbox 182 2606 278 2715; x_wconf 84' lang='lat' dir='ltr'>Qo</span> <span class='ocrx_word' id='word_1_99' title='bbox 291 2597 441 2704; x_wconf 75' lang='lat' dir='ltr'>smmis,</span> <span class='ocrx_word' id='word_1_100' title='bbox 462 2629 541 2714; x_wconf 92' lang='lat' dir='ltr'>quo</span> <span class='ocrx_word' id='word_1_101' title='bbox 555 2577 692 2691; x_wconf 69' lang='lat' dir='ltr'>cundia</span> <span class='ocrx_word' id='word_1_102' title='bbox 710 2599 847 2700; x_wconf 76' lang='lat' dir='ltr'>refers3</span> <span class='ocrx_word' id='word_1_103' title='bbox 871 2601 934 2684; x_wconf 84' lang='lat' dir='ltr'>ilie</span> <span class='ocrx_word' id='word_1_104' title='bbox 952 2599 1084 2683; x_wconf 88' lang='lat' dir='ltr'>omnia</span> <span class='ocrx_word' id='word_1_105' title='bbox 1097 2597 1198 2688; x_wconf 84' lang='lat' dir='ltr'>solus</span> 
     </span>
    </p>

    <p class='ocr_par' dir='ltr' id='par_1_11' title="bbox 181 2766 1344 2879">
     <span class='ocr_line' id='line_1_16' title="bbox 181 2766 1344 2879; baseline -0.001 -25"><span class='ocrx_word' id='word_1_106' title='bbox 181 2769 249 2854; x_wconf 87' lang='lat' dir='ltr'>Est</span> <span class='ocrx_word' id='word_1_107' title='bbox 263 2769 358 2854; x_wconf 90' lang='lat' dir='ltr'>tibi:</span> <span class='ocrx_word' id='word_1_108' title='bbox 385 2769 441 2852; x_wconf 90' lang='lat' dir='ltr'>nil</span> <span class='ocrx_word' id='word_1_109' title='bbox 459 2767 564 2854; x_wconf 81' lang='lat' dir='ltr'>idum</span> <span class='ocrx_word' id='word_1_110' title='bbox 581 2786 722 2878; x_wconf 85' lang='lat' dir='ltr'>praeter</span> <span class='ocrx_word' id='word_1_111' title='bbox 738 2768 825 2875; x_wconf 85' lang='lat' dir='ltr'>tibi,</span> <span class='ocrx_word' id='word_1_112' title='bbox 851 2793 968 2879; x_wconf 89' lang='lat' dir='ltr'>quem</span> <span class='ocrx_word' id='word_1_113' title='bbox 983 2766 1089 2876; x_wconf 85' lang='lat' dir='ltr'>cupis</span> <span class='ocrx_word' id='word_1_114' title='bbox 1104 2795 1225 2853; x_wconf 87' lang='lat' dir='ltr'>unum</span> <span class='ocrx_word' id='word_1_115' title='bbox 1307 2807 1344 2867; x_wconf 72' lang='lat'>55</span> 
     </span>
    </p>

    <p class='ocr_par' dir='ltr' id='par_1_12' title="bbox 186 2931 1145 3048">
     <span class='ocr_line' id='line_1_17' title="bbox 186 2931 1145 3048; baseline -0.004 -28"><span class='ocrx_word' id='word_1_116' title='bbox 186 2936 333 3044; x_wconf 84' lang='lat' dir='ltr'>Saucia,</span> <span class='ocrx_word' id='word_1_117' title='bbox 357 2933 606 3048; x_wconf 84' lang='lat' dir='ltr'>suspirasque,</span> <span class='ocrx_word' id='word_1_118' title='bbox 628 2934 787 3048; x_wconf 84' lang='lat' dir='ltr'>imisque</span> <span class='ocrx_word' id='word_1_119' title='bbox 801 2940 824 3020; x_wconf 80' lang='grc' dir='ltr'>ὲ</span> <span class='ocrx_word' id='word_1_120' title='bbox 837 2931 1003 3022; x_wconf 81' lang='lat' dir='ltr'>sendbus</span> <span class='ocrx_word' id='word_1_121' title='bbox 1018 2932 1145 3040; x_wconf 83' lang='lat' dir='ltr'>ardes,</span> 
     </span>
    </p>

    <p class='ocr_par' dir='ltr' id='par_1_13' title="bbox 184 3101 1171 3215">
     <span class='ocr_line' id='line_1_18' title="bbox 184 3101 1171 3215; baseline -0.005 -25"><span class='ocrx_word' id='word_1_122' title='bbox 184 3103 336 3190; x_wconf 66' lang='lat' dir='ltr'>Noctes</span> <span class='ocrx_word' id='word_1_123' title='bbox 350 3122 467 3215; x_wconf 88' lang='lat' dir='ltr'>atque</span> <span class='ocrx_word' id='word_1_124' title='bbox 480 3101 562 3189; x_wconf 86' lang='lat' dir='ltr'>dier</span> <span class='ocrx_word' id='word_1_125' title='bbox 579 3102 710 3190; x_wconf 84' lang='lat' dir='ltr'>animo</span> <span class='ocrx_word' id='word_1_126' title='bbox 724 3101 807 3190; x_wconf 81' lang='lat' dir='ltr'>haec</span> <span class='ocrx_word' id='word_1_127' title='bbox 826 3127 902 3186; x_wconf 87' lang='lat' dir='ltr'>una</span> <span class='ocrx_word' id='word_1_128' title='bbox 917 3101 1049 3188; x_wconf 84' lang='lat' dir='ltr'>addita</span> <span class='ocrx_word' id='word_1_129' title='bbox 1067 3127 1171 3188; x_wconf 85' lang='lat' dir='ltr'>cura.</span> 
     </span>
    </p>

    <p class='ocr_par' dir='ltr' id='par_1_14' title="bbox 186 3266 1035 3378">
     <span class='ocr_line' id='line_1_19' title="bbox 186 3266 1035 3378; baseline 0.004 -28"><span class='ocrx_word' id='word_1_130' title='bbox 186 3271 296 3378; x_wconf 87' lang='lat' dir='ltr'>Saepe</span> <span class='ocrx_word' id='word_1_131' title='bbox 311 3267 402 3355; x_wconf 91' lang='lat' dir='ltr'>ideo</span> <span class='ocrx_word' id='word_1_132' title='bbox 417 3267 530 3354; x_wconf 87' lang='lat' dir='ltr'>terris</span> <span class='ocrx_word' id='word_1_133' title='bbox 546 3266 726 3354; x_wconf 69' lang='lat' dir='ltr'>subvecta</span> <span class='ocrx_word' id='word_1_134' title='bbox 744 3289 876 3356; x_wconf 83' lang='lat' dir='ltr'>mente</span> <span class='ocrx_word' id='word_1_135' title='bbox 892 3269 1035 3359; x_wconf 74' lang='lat' dir='ltr'>relictis</span> 
     </span>
    </p>

    <p class='ocr_par' dir='ltr' id='par_1_15' title="bbox 185 3433 1223 3550">
     <span class='ocr_line' id='line_1_20' title="bbox 185 3433 1223 3550; baseline 0.005 -33"><span class='ocrx_word' id='word_1_136' title='bbox 185 3433 356 3520; x_wconf 85' lang='lat' dir='ltr'>Tolleris</span> <span class='ocrx_word' id='word_1_137' title='bbox 371 3436 449 3520; x_wconf 83' lang='lat' dir='ltr'>alra</span> <span class='ocrx_word' id='word_1_138' title='bbox 465 3456 617 3546; x_wconf 83' lang='lat' dir='ltr'>petens,</span> <span class='ocrx_word' id='word_1_139' title='bbox 640 3434 903 3550; x_wconf 87' lang='lat' dir='ltr'>liquidumque</span> <span class='ocrx_word' id='word_1_140' title='bbox 917 3464 989 3548; x_wconf 86' lang='lat' dir='ltr'>per</span> <span class='ocrx_word' id='word_1_141' title='bbox 1003 3463 1094 3522; x_wconf 88' lang='lat' dir='ltr'>aera</span> <span class='ocrx_word' id='word_1_142' title='bbox 1111 3435 1223 3525; x_wconf 73' lang='lat' dir='ltr'>teda</span> 
     </span>
    </p>

    <p class='ocr_par' dir='ltr' id='par_1_16' title="bbox 187 3595 1431 3717">
     <span class='ocr_line' id='line_1_21' title="bbox 187 3595 1431 3717; baseline -0.001 -33"><span class='ocrx_word' id='word_1_143' title='bbox 187 3602 324 3712; x_wconf 81' lang='lat' dir='ltr'>Carpit</span> <span class='ocrx_word' id='word_1_144' title='bbox 344 3605 430 3708; x_wconf 89' lang='lat' dir='ltr'>iter,</span> <span class='ocrx_word' id='word_1_145' title='bbox 452 3602 606 3712; x_wconf 82' lang='lat' dir='ltr'>superas</span> <span class='ocrx_word' id='word_1_146' title='bbox 623 3602 759 3710; x_wconf 82' lang='lat' dir='ltr'>nuber,</span> <span class='ocrx_word' id='word_1_147' title='bbox 781 3595 896 3717; x_wconf 77' lang='lat' dir='ltr'>atque</span> <span class='ocrx_word' id='word_1_148' title='bbox 912 3603 1056 3690; x_wconf 79' lang='lat' dir='ltr'>athera</span> <span class='ocrx_word' id='word_1_149' title='bbox 1074 3621 1220 3708; x_wconf 86' lang='lat' dir='ltr'>tranas,</span> <span class='ocrx_word' id='word_1_150' title='bbox 1314 3624 1353 3684; x_wconf 79' lang='lat' dir='ltr'>to</span> <span class='ocrx_word' id='word_1_151' title='bbox 1425 3637 1431 3649; x_wconf 85' lang='lat'><em>-</em></span> 
     </span>
    </p>

    <p class='ocr_par' dir='ltr' id='par_1_17' title="bbox 190 3771 1217 3883">
     <span class='ocr_line' id='line_1_22' title="bbox 190 3771 1217 3883; baseline 0.003 -31"><span class='ocrx_word' id='word_1_152' title='bbox 190 3772 495 3883; x_wconf 74' lang='lat' dir='ltr'>sanatorumque</span> <span class='ocrx_word' id='word_1_153' title='bbox 511 3771 611 3857; x_wconf 85' lang='lat' dir='ltr'>acies</span> <span class='ocrx_word' id='word_1_154' title='bbox 631 3773 824 3860; x_wconf 83' lang='lat' dir='ltr'>volucrum</span> <span class='ocrx_word' id='word_1_155' title='bbox 841 3792 901 3857; x_wconf 88' lang='lat' dir='ltr'>rer</span> <span class='ocrx_word' id='word_1_156' title='bbox 915 3783 1027 3854; x_wconf 85' lang='lat' dir='ltr'>rema</span> <span class='ocrx_word' id='word_1_157' title='bbox 1044 3791 1217 3878; x_wconf 84' lang='lat' dir='ltr'>pererras</span> 
     </span>
    </p>

    <p class='ocr_par' dir='ltr' id='par_1_18' title="bbox 189 3933 1090 4052">
     <span class='ocr_line' id='line_1_23' title="bbox 189 3933 1090 4052; baseline -0.01 -25"><span class='ocrx_word' id='word_1_158' title='bbox 189 3938 380 4045; x_wconf 75' lang='lat' dir='ltr'>concilia,</span> <span class='ocrx_word' id='word_1_159' title='bbox 402 3938 476 4024; x_wconf 88' lang='lat' dir='ltr'>hac</span> <span class='ocrx_word' id='word_1_160' title='bbox 490 3937 580 4024; x_wconf 83' lang='lat' dir='ltr'>illac</span> <span class='ocrx_word' id='word_1_161' title='bbox 595 3939 782 4052; x_wconf 79' lang='lat' dir='ltr'>vestigant</span> <span class='ocrx_word' id='word_1_162' title='bbox 799 3939 943 4024; x_wconf 88' lang='lat' dir='ltr'>lumine</span> <span class='ocrx_word' id='word_1_163' title='bbox 956 3933 1090 4048; x_wconf 83' lang='lat' dir='ltr'>paffim</span> 
     </span>
    </p>

    <p class='ocr_par' dir='ltr' id='par_1_19' title="bbox 192 4101 1358 4358">
     <span class='ocr_line' id='line_1_24' title="bbox 192 4101 1289 4226; baseline -0.002 -32"><span class='ocrx_word' id='word_1_164' title='bbox 192 4108 323 4226; x_wconf 75' lang='lat' dir='ltr'>Quam</span> <span class='ocrx_word' id='word_1_165' title='bbox 341 4103 420 4196; x_wconf 75' lang='lat' dir='ltr'>tine</span> <span class='ocrx_word' id='word_1_166' title='bbox 434 4105 512 4196; x_wconf 82' lang='lat' dir='ltr'>fine</span> <span class='ocrx_word' id='word_1_167' title='bbox 528 4103 652 4214; x_wconf 84' lang='lat' dir='ltr'>ardes,</span> <span class='ocrx_word' id='word_1_168' title='bbox 672 4132 790 4217; x_wconf 87' lang='lat' dir='ltr'>quem</span> <span class='ocrx_word' id='word_1_169' title='bbox 805 4133 875 4193; x_wconf 88' lang='lat' dir='ltr'>cor</span> <span class='ocrx_word' id='word_1_170' title='bbox 893 4105 966 4192; x_wconf 87' lang='lat' dir='ltr'>tibi</span> <span class='ocrx_word' id='word_1_171' title='bbox 984 4101 1137 4216; x_wconf 87' lang='lat' dir='ltr'>deperit</span> <span class='ocrx_word' id='word_1_172' title='bbox 1153 4104 1289 4212; x_wconf 63' lang='lat' dir='ltr'>unum}</span> 
     </span>
     <span class='ocr_line' id='line_1_25' title="bbox 850 4272 1358 4358; baseline -0.014 0"><span class='ocrx_word' id='word_1_173' title='bbox 850 4272 922 4358; x_wconf 85' lang='lat' dir='ltr'>Lr</span> <span class='ocrx_word' id='word_1_174' title='bbox 1214 4273 1358 4356; x_wconf 86' lang='lat' dir='ltr'>Donec</span> 
     </span>
    </p>
   </div>
   <div class='ocr_carea' id='block_1_7' title="bbox 0 0 1615 5190">
    <p class='ocr_par' dir='ltr' id='par_1_20' title="bbox 0 0 1615 5190">
     <span class='ocr_line' id='line_1_26' title="bbox 0 0 1615 5190; baseline 0 0"><span class='ocrx_word' id='word_1_175' title='bbox 0 0 1615 5190; x_wconf 95' lang='lat' dir='ltr'> </span> 
     </span>
    </p>
   </div>
  </div>
 </body>
</html>
