3168 5190
359 316 546 397 Humur
583 332 645 392 ua
679 309 847 393 Rarus
885 311 1119 404 Drvrurr.
1242 344 1322 421 245

151 529 310 616 Scilicet
327 527 522 642 adveniet,
547 554 620 616 nec
637 527 720 612 sera
738 527 953 614 morabitur
968 549 1076 638 atas,
1164 631 1166 636 ¹

152 699 257 784 Cum
275 719 317 782 te
333 698 519 783 mortales
535 695 655 809 vulgo
672 717 743 806 per
757 651 917 806 templa,
937 725 1110 809 perarua
1270 726 1325 820 uq

139 870 242 950 Ore
260 864 415 972 sonent,
438 861 674 977 humilesque
692 864 895 949 vocantia
912 885 1020 975 uota,
1042 867 1174 980 tuique

150 1031 340 1117 Nominis
359 1031 515 1146 objectu
532 1031 699 1141 supremi
716 1032 884 1117 numinis
901 1033 977 1118 iras
1097 1073 1108 1114 ι

152 1197 378 1308 Placabuut,
397 1201 641 1311 statuentque
657 1219 729 1286 tuo
743 1196 795 1283 de
810 1201 973 1285 nomine
989 1197 1149 1312 templa.

155 1363 281 1472 Spero
295 1363 475 1477 equidem
489 1337 602 1475 pater
616 1363 866 1474 omnipotens
882 1383 949 1451 tua
965 1365 1126 1451 nomina
1143 1365 1194 1450 ab
1207 1365 1291 1451 alto

156 1528 303 1616 Audiet
316 1531 366 1616 ad
382 1527 572 1618 tumulum
588 1548 765 1630 orantem
794 1548 852 1637 tu,
870 1551 965 1618 vota
978 1530 1202 1640 secundam,
1270 1552 1321 1625 ιις

156 1697 261 1808 Qae
277 1726 360 1783 non
376 1697 550 1782 humanis
568 1698 718 1807 opibus,
741 1723 824 1788 uon
837 1698 982 1784 artibus
997 1699 1084 1786 ullis

157 1863 333 1948 confieri
347 1865 518 1975 poffunt,
531 1864 678 1950 cuncus
692 1863 920 1950 mirantibus
934 1866 1047 1967 edes3

154 2033 209 2114 Et
228 2031 376 2118 tabulas
393 2031 542 2141 templo
558 2031 744 2118 testantes
760 2029 892 2122 omnia
906 1999 1044 2147 figent.¹
1136 2111 1141 2116 .

155 2197 326 2310 Jamque
340 2197 449 2311 hujus
467 2200 560 2286 mihi
579 2199 709 2286 nescio
723 2197 817 2312 quid
835 2201 998 2294 rumoris
1015 2202 1066 2288 ad
1082 2228 1191 2294 aures,

156 2365 297 2475 Repit,
316 2376 357 2453 &
373 2363 474 2455 hanc
489 2371 530 2452 in
548 2365 654 2478 spem
669 2366 811 2452 vicinas
825 2367 942 2482 erigit
959 2369 1085 2456 urbes.
1275 2402 1327 2497 ις·

155 2529 271 2616 Illum
286 2533 518 2620 carminibus
536 2534 656 2620 mein
676 2531 802 2618 secula
816 2535 921 2620 mille
933 2535 1082 2648 iuvabit

157 2699 328 2785 AEternis
342 2699 491 2810 aperire
508 2703 627 2809 diem,
645 2698 831 2813 sacrisque
844 2699 973 2800 dicare

157 2871 313 2974 Annua,
332 2895 418 2980 quae
435 2865 506 2956 seri
521 2869 720 2964 celebrent
739 2856 828 2952 toto
843 2865 940 2952 orbe
958 2885 1135 2978 nepotes.

157 3041 315 3142 Interea
332 3033 428 3120 mihi
444 3035 598 3140 sanstus
617 3036 707 3142 eris,
730 3033 825 3120 mihi
844 3034 973 3122 fiderit
990 2997 1111 3129 instat

158 3201 344 3307 AEtherei,
361 3200 464 3286 unde
482 3225 579 3310 meae⁴
597 3204 727 3304 ueniat
743 3201 805 3288 lux
821 3203 984 3314 plurima
1001 3201 1122 3288 notii.
1273 3233 1323 3308 ¹⁹¹,

158 3369 324 3481 Jamque
340 3333 604 3484 adeq‘nagnis
619 3398 803 3484 magnum
822 3370 936 3456 decus
955 3369 1087 3456 addite
1102 3367 1230 3472 Divis,

157 3537 247 3646 Jam
263 3537 364 3620 votis
381 3534 582 3618 hominum
597 3529 818 3643 aurescens,
837 3539 1014 3641 Giberre,
1033 3537 1177 3640 vocari,

159 3711 207 3788 ln
225 3700 360 3784 melius
376 3699 480 3786 flecti
497 3705 639 3813 coeptis
659 3731 708 3808 ne
724 3702 846 3789 defice
863 3704 997 3788 rebus:

157 3873 224 3972 Et,
246 3893 464 3980 quanquam
479 3829 552 3982 uqa
566 3897 672 3976 arma
689 3889 881 3980 premant,
905 3867 1098 3979 hostisque
1114 3863 1298 3978 superbus

159 4035 296 4124 viuor
313 4061 433 4118 ovans
448 4037 548 4121 saevo
564 4035 715 4122 nostros
731 4056 834 4126 terat
850 4035 1020 4148 undique
1036 4034 1155 4142 bello,
1269 4069 1325 4115 ιω

158 4203 212 4306 Et
226 4197 392 4314 pulchra
407 4201 530 4288 Italiae
545 4203 769 4331 immineam·
781 4201 972 4316 sacrisque
987 4201 1186 4320 Qiritqm

1217 4373 1324 4452 Mue-
