3180 5184
365 314 551 394 Huuuu
589 327 651 390 nu
684 305 852 392 Rnuus
888 307 1128 394 Duuuuus.
1283 340 1333 410 29

159 537 297 644 Atque
311 526 477 614 humiles
493 522 607 610 rutila
627 522 835 618 lustrarunt
855 523 1037 636 lampade
1050 541 1187 612 terras.

232 701 323 785 Nec
337 725 408 784 vos
421 692 596 781 immeufi
611 719 722 799 mom
740 691 884 778 distulit
897 719 1055 806 equora
1074 696 1189 808 ponti
1198 738 1214 798 ς

160 865 369 952 Exultaffis
387 891 496 978 aquae
508 863 654 976 plausu,
679 860 876 951 exultastis
894 888 1034 973 arene,

160 1039 216 1117 Et
231 1031 362 1120 eaudu
378 1033 493 1120 nitidi
508 1030 702 1146 planxistis
717 1055 912 1116 murmom
926 1031 1059 1144 pisces.
1276 1053 1335 1128 630

162 1201 339 1286 Cernere
355 1219 457 1309 erat,
482 1171 560 1315 que
578 1173 768 1284 cnendeas
783 1195 1043 1311 supereminet
1062 1201 1198 1310 undas,

159 1367 411 1454 Omniferam
429 1365 547 1454 dorso
560 1369 738 1454 tellurem
751 1393 942 1453 murmure
958 1369 1052 1458 laeto

160 1538 397 1647 Intremere,
421 1549 462 1624 &
476 1535 592 1621 celeri
606 1534 711 1621 velut
729 1534 904 1622 affuitare
917 1536 1072 1628 chorea.

233 1703 417 1790 Necdum
434 1700 699 1818 quadmpedes
714 1705 911 1818 gustarant
925 1705 1067 1818 pabula
1080 1707 1121 1792 iu
1136 1705 1247 1815 arvis,

119 1971 124 1977 ,
163 1872 254 1958 Nec
269 1873 386 1958 variae
403 1869 579 1960 volucres
595 1872 721 1957 rostro
736 1871 776 1958 se
795 1873 949 1984 pascere
967 1895 1087 1963 acuto
1275 1893 1332 1972 635

163 2039 392 2142 Affiueraut;
419 2037 523 2152 prius
540 2066 658 2124 omne
670 2067 798 2154 pecus,
822 2044 930 2154 prius
943 2071 1062 2132 omne
1078 2043 1294 2148 volantum,

163 2207 488 2321 Reptantumque
503 2233 623 2321 genus
641 2208 739 2306 mira
756 2229 798 2296 te
814 2208 928 2298 laude
944 2209 1141 2321 ferebant,

164 2379 218 2458 Et
236 2400 366 2460 rerum
382 2376 595 2478 audonem,
620 2367 935 2493 servatoremque
952 2381 1159 2468 cauebant.

163 2551 182 2626 1
184 2541 251 2652 pse
268 2541 414 2650 latens,
440 2539 646 2656 mediisque
664 2538 707 2624 iu
724 2543 890 2630 nubibus
903 2547 996 2660 igne
1013 2546 1191 2636 coruscus

163 2707 390 2820 Gaudebas,
415 2708 601 2822 operique
620 2731 691 2795 tuo
704 2707 817 2798 faber
833 2709 1075 2824 indulgebas,
1277 2729 1335 2800 ⁶⁴·

162 2875 316 2990 Qfis,
341 2879 401 2965 cui
415 2879 552 2964 crescit
567 2895 748 2964 natorum
767 2877 931 2988 plurima
952 2877 1085 2992 pubes,

161 3043 318 3130 Omnes
330 3071 418 3130 cum
433 3043 541 3130 videt
558 3044 725 3162 infiguee
741 3043 903 3157 pietate,
930 3047 1075 3160 [ibique

163 3207 381 3322 subjeeos,
404 3229 517 3321 pater
532 3209 595 3294 ille
612 3213 783 3297 animum
800 3212 1012 3298 labefactus
1027 3209 1161 3298 amore

161 3379 339 3463 Letatur
356 3377 497 3497 seeum,
523 3389 564 3464 de
584 3381 704 3468 tacito
720 3377 790 3463 sub
807 3381 967 3491 pedeure
985 3381 1111 3492 gestit.

230 3542 414 3629 Tandem
433 3566 546 3630 natus
562 3545 767 3652 nomnen,
787 3547 987 3658 coepitque
1000 3543 1170 3632 unimata
1184 3543 1336 3632 moveri

164 3707 293 3797 Gieba
310 3737 457 3823 recem,
481 3713 664 3826 coeloque
679 3715 850 3807 auredus
868 3714 1007 3810 tollere
1021 3712 1158 3798 vultus.
1276 3730 1335 3798 ⁶⁴⁶

162 3875 224 3960 Illi
242 3904 324 3990 prae
338 3879 483 3965 cundiis
502 3881 758 3966 animantibus
773 3883 853 3993 ipse
867 3881 1005 3970 dedisti

164 4043 332 4132 Divinos
347 4044 440 4132 altae
455 4049 597 4133 mentis
615 4047 799 4138 divinitus
818 4049 980 4156 haustus,

165 4211 227 4298 Ut
243 4211 391 4310 nulium
409 4215 451 4304 in
469 4216 583 4300 terrie
596 4217 756 4329 propius
770 4235 811 4302 te
827 4215 984 4305 accedat
998 4225 1039 4302 δι
1054 4214 1167 4301 undis

1269 4379 1335 4460 In·
