<?xml version="1.0" encoding="UTF-8"?>
<!DOCTYPE html PUBLIC "-//W3C//DTD XHTML 1.0 Transitional//EN"
    "http://www.w3.org/TR/xhtml1/DTD/xhtml1-transitional.dtd">
<html xmlns="http://www.w3.org/1999/xhtml" xml:lang="en" lang="en">
 <head>
  <title>
</title>
<meta http-equiv="Content-Type" content="text/html;charset=utf-8" />
  <meta name='ocr-system' content='tesseract 3.04.00' />
  <meta name='ocr-capabilities' content='ocr_page ocr_carea ocr_par ocr_line ocrx_word'/>
</head>
<body>
  <div class='ocr_page' id='page_1' title='image "./marcihieronymiv00vidagoog_0240.png"; bbox 0 0 3168 5190; ppageno 0'>
   <div class='ocr_carea' id='block_1_1' title="bbox 327 243 1291 356">
    <p class='ocr_par' dir='ltr' id='par_1_1' title="bbox 327 243 1291 356">
     <span class='ocr_line' id='line_1_1' title="bbox 327 243 1291 356; baseline 0.008 -30"><span class='ocrx_word' id='word_1_1' title='bbox 327 247 511 326; x_wconf 75' lang='lat' dir='ltr'>Hnn&#39;tu</span> <span class='ocrx_word' id='word_1_2' title='bbox 550 267 612 326; x_wconf 83' lang='lat' dir='ltr'>uu</span> <span class='ocrx_word' id='word_1_3' title='bbox 645 243 813 330; x_wconf 78' lang='lat' dir='ltr'>Runus</span> <span class='ocrx_word' id='word_1_4' title='bbox 850 245 1088 332; x_wconf 81' lang='lat' dir='ltr'>D1v1nts.</span> <span class='ocrx_word' id='word_1_5' title='bbox 1216 281 1291 356; x_wconf 83' lang='lat'>231</span> 
     </span>
    </p>
   </div>
   <div class='ocr_carea' id='block_1_2' title="bbox 119 456 1236 582">
    <p class='ocr_par' dir='ltr' id='par_1_2' title="bbox 119 431 1236 582">
     <span class='ocr_line' id='line_1_2' title="bbox 119 456 1236 582; baseline 0.004 -35"><span class='ocrx_word' id='word_1_6' title='bbox 119 465 214 547; x_wconf 90' lang='lat' dir='ltr'>Huc</span> <span class='ocrx_word' id='word_1_7' title='bbox 230 461 357 547; x_wconf 87' lang='lat' dir='ltr'>omnis</span> <span class='ocrx_word' id='word_1_8' title='bbox 374 457 528 564; x_wconf 80' lang='lat' dir='ltr'>chorus,</span> <span class='ocrx_word' id='word_1_9' title='bbox 553 456 629 546; x_wconf 89' lang='lat' dir='ltr'>huc</span> <span class='ocrx_word' id='word_1_10' title='bbox 643 462 789 571; x_wconf 82' lang='lat' dir='ltr'>paritet</span> <span class='ocrx_word' id='word_1_11' title='bbox 802 462 1036 577; x_wconf 83' lang='lat' dir='ltr'>juvenesque</span> <span class='ocrx_word' id='word_1_12' title='bbox 1052 465 1236 582; x_wconf 84' lang='lat' dir='ltr'>senesque</span> 
     </span>
    </p>
   </div>
   <div class='ocr_carea' id='block_1_3' title="bbox 30 625 1365 4104">
    <p class='ocr_par' dir='ltr' id='par_1_3' title="bbox 123 625 1125 742">
     <span class='ocr_line' id='line_1_3' title="bbox 123 625 1125 742; baseline 0.005 -29"><span class='ocrx_word' id='word_1_13' title='bbox 123 635 244 714; x_wconf 85' lang='lat' dir='ltr'>Ferte</span> <span class='ocrx_word' id='word_1_14' title='bbox 260 625 416 740; x_wconf 88' lang='lat' dir='ltr'>pedem,</span> <span class='ocrx_word' id='word_1_15' title='bbox 442 629 611 740; x_wconf 86' lang='lat' dir='ltr'>laetoque</span> <span class='ocrx_word' id='word_1_16' title='bbox 624 628 800 714; x_wconf 81' lang='lat' dir='ltr'>faventes</span> <span class='ocrx_word' id='word_1_17' title='bbox 814 634 970 742; x_wconf 84' lang='lat' dir='ltr'>agmine</span> <span class='ocrx_word' id='word_1_18' title='bbox 984 632 1125 720; x_wconf 82' lang='lat' dir='ltr'>adeste.</span> 
     </span>
    </p>

    <p class='ocr_par' dir='ltr' id='par_1_4' title="bbox 125 794 1302 1246">
     <span class='ocr_line' id='line_1_4' title="bbox 125 794 1302 912; baseline 0.002 -32"><span class='ocrx_word' id='word_1_19' title='bbox 125 802 226 880; x_wconf 83' lang='lat' dir='ltr'>Haec</span> <span class='ocrx_word' id='word_1_20' title='bbox 243 796 299 880; x_wconf 87' lang='lat' dir='ltr'>est</span> <span class='ocrx_word' id='word_1_21' title='bbox 317 795 381 879; x_wconf 88' lang='lat' dir='ltr'>illa</span> <span class='ocrx_word' id='word_1_22' title='bbox 393 794 491 900; x_wconf 86' lang='lat' dir='ltr'>dies,</span> <span class='ocrx_word' id='word_1_23' title='bbox 517 795 672 906; x_wconf 87' lang='lat' dir='ltr'>penitus</span> <span class='ocrx_word' id='word_1_24' title='bbox 689 795 855 912; x_wconf 77' lang='lat' dir='ltr'>caligine</span> <span class='ocrx_word' id='word_1_25' title='bbox 873 799 1003 886; x_wconf 84' lang='lat' dir='ltr'>mcrfis</span> <span class='ocrx_word' id='word_1_26' title='bbox 1266 831 1302 882; x_wconf 79' lang='grc' dir='ltr'>ιο</span> 
     </span>
     <span class='ocr_line' id='line_1_5' title="bbox 128 959 1214 1082; baseline 0.007 -34"><span class='ocrx_word' id='word_1_27' title='bbox 128 967 233 1079; x_wconf 81' lang='lat' dir='ltr'>Qae</span> <span class='ocrx_word' id='word_1_28' title='bbox 250 963 393 1050; x_wconf 82' lang='lat' dir='ltr'>claram</span> <span class='ocrx_word' id='word_1_29' title='bbox 412 962 526 1048; x_wconf 81' lang='lat' dir='ltr'>rebus</span> <span class='ocrx_word' id='word_1_30' title='bbox 542 959 667 1050; x_wconf 82' lang='lat' dir='ltr'>licem</span> <span class='ocrx_word' id='word_1_31' title='bbox 685 963 830 1070; x_wconf 68' lang='lat' dir='ltr'>attulim</span> <span class='ocrx_word' id='word_1_32' title='bbox 856 985 976 1079; x_wconf 77' lang='lat' dir='ltr'>atque</span> <span class='ocrx_word' id='word_1_33' title='bbox 991 968 1214 1082; x_wconf 82' lang='lat' dir='ltr'>nigrantem</span> 
     </span>
     <span class='ocr_line' id='line_1_6' title="bbox 128 1129 1106 1246; baseline 0.002 -28"><span class='ocrx_word' id='word_1_34' title='bbox 128 1131 300 1244; x_wconf 87' lang='lat' dir='ltr'>Eloqnio</span> <span class='ocrx_word' id='word_1_35' title='bbox 314 1133 471 1218; x_wconf 61' lang='lat' dir='ltr'>nocstem</span> <span class='ocrx_word' id='word_1_36' title='bbox 489 1129 641 1245; x_wconf 82' lang='lat' dir='ltr'>infigni,</span> <span class='ocrx_word' id='word_1_37' title='bbox 669 1130 923 1246; x_wconf 80' lang='lat' dir='ltr'>tenebrasque</span> <span class='ocrx_word' id='word_1_38' title='bbox 937 1133 1106 1222; x_wconf 84' lang='lat' dir='ltr'>resolvit.</span> 
     </span>
    </p>

    <p class='ocr_par' dir='ltr' id='par_1_5' title="bbox 131 1299 1117 1412">
     <span class='ocr_line' id='line_1_7' title="bbox 131 1299 1117 1412; baseline 0.004 -30"><span class='ocrx_word' id='word_1_39' title='bbox 131 1299 241 1384; x_wconf 83' lang='lat' dir='ltr'>Nam</span> <span class='ocrx_word' id='word_1_40' title='bbox 258 1299 318 1384; x_wconf 88' lang='lat' dir='ltr'>cni</span> <span class='ocrx_word' id='word_1_41' title='bbox 337 1329 417 1384; x_wconf 90' lang='lat' dir='ltr'>non</span> <span class='ocrx_word' id='word_1_42' title='bbox 436 1320 573 1384; x_wconf 87' lang='lat' dir='ltr'>notum</span> <span class='ocrx_word' id='word_1_43' title='bbox 591 1321 736 1410; x_wconf 79' lang='lat' dir='ltr'>quanta</span> <span class='ocrx_word' id='word_1_44' title='bbox 753 1301 924 1410; x_wconf 85' lang='lat' dir='ltr'>perculsa</span> <span class='ocrx_word' id='word_1_45' title='bbox 942 1303 1117 1412; x_wconf 81' lang='lat' dir='ltr'>jacerent</span> 
     </span>
    </p>

    <p class='ocr_par' dir='ltr' id='par_1_6' title="bbox 135 1465 1308 1916">
     <span class='ocr_line' id='line_1_8' title="bbox 135 1465 1128 1580; baseline 0.007 -29"><span class='ocrx_word' id='word_1_46' title='bbox 135 1467 245 1551; x_wconf 85' lang='lat' dir='ltr'>Olim</span> <span class='ocrx_word' id='word_1_47' title='bbox 261 1466 380 1550; x_wconf 87' lang='lat' dir='ltr'>corda</span> <span class='ocrx_word' id='word_1_48' title='bbox 398 1489 553 1578; x_wconf 85' lang='lat' dir='ltr'>patrum</span> <span class='ocrx_word' id='word_1_49' title='bbox 569 1465 795 1576; x_wconf 85' lang='lat' dir='ltr'>formidine,</span> <span class='ocrx_word' id='word_1_50' title='bbox 816 1470 923 1580; x_wconf 78' lang='lat' dir='ltr'>quein</span> <span class='ocrx_word' id='word_1_51' title='bbox 940 1471 1005 1580; x_wconf 85' lang='lat' dir='ltr'>pia</span> <span class='ocrx_word' id='word_1_52' title='bbox 1019 1471 1128 1558; x_wconf 85' lang='lat' dir='ltr'>cordi</span> 
     </span>
     <span class='ocr_line' id='line_1_9' title="bbox 135 1613 1308 1748; baseline 0.01 -29"><span class='ocrx_word' id='word_1_53' title='bbox 135 1633 331 1746; x_wconf 83' lang='lat' dir='ltr'>Relligio?</span> <span class='ocrx_word' id='word_1_54' title='bbox 356 1661 472 1748; x_wconf 88' lang='lat' dir='ltr'>quem</span> <span class='ocrx_word' id='word_1_55' title='bbox 487 1663 571 1722; x_wconf 90' lang='lat' dir='ltr'>non</span> <span class='ocrx_word' id='word_1_56' title='bbox 589 1635 720 1739; x_wconf 75' lang='lat' dir='ltr'>Tytiae</span> <span class='ocrx_word' id='word_1_57' title='bbox 738 1635 883 1724; x_wconf 78' lang='lat' dir='ltr'>telluris</span> <span class='ocrx_word' id='word_1_58' title='bbox 901 1613 1078 1724; x_wconf 59' lang='lat' dir='ltr'>alumnum</span> <span class='ocrx_word' id='word_1_59' title='bbox 1277 1669 1308 1730; x_wconf 82' lang='lat' dir='ltr'>n</span> 
     </span>
     <span class='ocr_line' id='line_1_10' title="bbox 136 1800 1013 1916; baseline 0.006 -33"><span class='ocrx_word' id='word_1_60' title='bbox 136 1800 352 1886; x_wconf 84' lang='lat' dir='ltr'>Terruerat</span> <span class='ocrx_word' id='word_1_61' title='bbox 369 1803 509 1916; x_wconf 76' lang='lat' dir='ltr'>lingunt</span> <span class='ocrx_word' id='word_1_62' title='bbox 527 1800 693 1889; x_wconf 88' lang='lat' dir='ltr'>confisus</span> <span class='ocrx_word' id='word_1_63' title='bbox 710 1801 842 1890; x_wconf 79' lang='lat' dir='ltr'>fallere</span> <span class='ocrx_word' id='word_1_64' title='bbox 860 1801 1013 1892; x_wconf 72' lang='lat' dir='ltr'>docte?</span> 
     </span>
    </p>

    <p class='ocr_par' dir='ltr' id='par_1_7' title="bbox 139 1967 1010 2078">
     <span class='ocr_line' id='line_1_11' title="bbox 139 1967 1010 2078; baseline 0.007 -28"><span class='ocrx_word' id='word_1_65' title='bbox 139 1967 216 2050; x_wconf 89' lang='lat' dir='ltr'>Cui</span> <span class='ocrx_word' id='word_1_66' title='bbox 231 1995 312 2052; x_wconf 90' lang='lat' dir='ltr'>non</span> <span class='ocrx_word' id='word_1_67' title='bbox 331 1967 494 2078; x_wconf 81' lang='lat' dir='ltr'>audacis,</span> <span class='ocrx_word' id='word_1_68' title='bbox 521 1971 582 2054; x_wconf 90' lang='lat' dir='ltr'>cui</span> <span class='ocrx_word' id='word_1_69' title='bbox 600 1997 682 2062; x_wconf 86' lang='lat' dir='ltr'>non</span> <span class='ocrx_word' id='word_1_70' title='bbox 700 1967 831 2054; x_wconf 80' lang='lat' dir='ltr'>audita</span> <span class='ocrx_word' id='word_1_71' title='bbox 845 1967 1010 2058; x_wconf 74' lang='lat' dir='ltr'>furentis</span> 
     </span>
    </p>

    <p class='ocr_par' dir='ltr' id='par_1_8' title="bbox 141 2131 1167 2252">
     <span class='ocr_line' id='line_1_12' title="bbox 141 2131 1167 2252; baseline -0.001 -35"><span class='ocrx_word' id='word_1_72' title='bbox 141 2141 190 2220; x_wconf 92' lang='lat' dir='ltr'>In</span> <span class='ocrx_word' id='word_1_73' title='bbox 206 2131 380 2250; x_wconf 86' lang='lat' dir='ltr'>superos,</span> <span class='ocrx_word' id='word_1_74' title='bbox 407 2142 660 2252; x_wconf 82' lang='lat' dir='ltr'>superumque</span> <span class='ocrx_word' id='word_1_75' title='bbox 677 2136 801 2247; x_wconf 90' lang='lat' dir='ltr'>ipsum</span> <span class='ocrx_word' id='word_1_76' title='bbox 817 2139 989 2226; x_wconf 82' lang='lat' dir='ltr'>mutitia</span> <span class='ocrx_word' id='word_1_77' title='bbox 1006 2141 1167 2250; x_wconf 87' lang='lat' dir='ltr'>regem?</span> 
     </span>
    </p>

    <p class='ocr_par' dir='ltr' id='par_1_9' title="bbox 140 2295 1187 2420">
     <span class='ocr_line' id='line_1_13' title="bbox 140 2295 1187 2420; baseline -0.001 -34"><span class='ocrx_word' id='word_1_78' title='bbox 140 2295 241 2388; x_wconf 91' lang='lat' dir='ltr'>Non</span> <span class='ocrx_word' id='word_1_79' title='bbox 259 2305 350 2388; x_wconf 89' lang='lat' dir='ltr'>tulit</span> <span class='ocrx_word' id='word_1_80' title='bbox 366 2308 618 2416; x_wconf 79' lang='lat' dir='ltr'>omnipotens</span> <span class='ocrx_word' id='word_1_81' title='bbox 634 2305 792 2420; x_wconf 80' lang='lat' dir='ltr'>genitor</span> <span class='ocrx_word' id='word_1_82' title='bbox 806 2301 1005 2391; x_wconf 83' lang='lat' dir='ltr'>miseratus</span> <span class='ocrx_word' id='word_1_83' title='bbox 1022 2303 1073 2388; x_wconf 79' lang='lat' dir='ltr'>ab</span> <span class='ocrx_word' id='word_1_84' title='bbox 1092 2302 1187 2403; x_wconf 84' lang='lat' dir='ltr'>alto,</span> 
     </span>
    </p>

    <p class='ocr_par' dir='ltr' id='par_1_10' title="bbox 144 2470 1365 2742">
     <span class='ocr_line' id='line_1_14' title="bbox 144 2470 1365 2582; baseline 0.005 -33"><span class='ocrx_word' id='word_1_85' title='bbox 144 2473 198 2550; x_wconf 87' lang='lat' dir='ltr'>Et</span> <span class='ocrx_word' id='word_1_86' title='bbox 209 2470 344 2581; x_wconf 87' lang='lat' dir='ltr'>juveni</span> <span class='ocrx_word' id='word_1_87' title='bbox 361 2473 517 2560; x_wconf 88' lang='lat' dir='ltr'>immifit</span> <span class='ocrx_word' id='word_1_88' title='bbox 534 2493 708 2560; x_wconf 90' lang='lat' dir='ltr'>mentem</span> <span class='ocrx_word' id='word_1_89' title='bbox 726 2471 767 2554; x_wconf 87' lang='lat' dir='ltr'>se</span> <span class='ocrx_word' id='word_1_90' title='bbox 784 2473 946 2582; x_wconf 71' lang='lat' dir='ltr'>pectore</span> <span class='ocrx_word' id='word_1_91' title='bbox 961 2489 1052 2555; x_wconf 91' lang='lat' dir='ltr'>toto</span> <span class='ocrx_word' id='word_1_92' title='bbox 1280 2501 1318 2546; x_wconf 74' lang='grc' dir='ltr'>ιο</span> <span class='ocrx_word' id='word_1_93' title='bbox 1358 2563 1365 2578; x_wconf 43' lang='grc'>,</span> 
     </span>
     <span class='ocr_line' id='line_1_15' title="bbox 146 2623 1133 2742; baseline -0.004 -18"><span class='ocrx_word' id='word_1_94' title='bbox 146 2639 400 2742; x_wconf 84' lang='lat' dir='ltr'>Diffundens;</span> <span class='ocrx_word' id='word_1_95' title='bbox 429 2623 558 2728; x_wconf 82' lang='lat' dir='ltr'>subito</span> <span class='ocrx_word' id='word_1_96' title='bbox 574 2641 630 2726; x_wconf 89' lang='lat' dir='ltr'>est</span> <span class='ocrx_word' id='word_1_97' title='bbox 646 2637 765 2724; x_wconf 88' lang='lat' dir='ltr'>oculis</span> <span class='ocrx_word' id='word_1_98' title='bbox 782 2637 995 2724; x_wconf 82' lang='lat' dir='ltr'>denfiffima</span> <span class='ocrx_word' id='word_1_99' title='bbox 1011 2637 1133 2722; x_wconf 80' lang='lat' dir='ltr'>nubes</span> 
     </span>
    </p>

    <p class='ocr_par' dir='ltr' id='par_1_11' title="bbox 30 2801 1076 2916">
     <span class='ocr_line' id='line_1_16' title="bbox 30 2801 1076 2916; baseline -0.002 -23"><span class='ocrx_word' id='word_1_100' title='bbox 30 2873 41 2900; x_wconf 49' lang='lat'><em>2</em></span> <span class='ocrx_word' id='word_1_101' title='bbox 146 2807 333 2916; x_wconf 70' lang='lat' dir='ltr'>Discutit,</span> <span class='ocrx_word' id='word_1_102' title='bbox 358 2822 398 2897; x_wconf 88' lang='lat'>&amp;</span> <span class='ocrx_word' id='word_1_103' title='bbox 414 2811 516 2894; x_wconf 85' lang='lat' dir='ltr'>ratio</span> <span class='ocrx_word' id='word_1_104' title='bbox 535 2805 737 2894; x_wconf 81' lang='lat' dir='ltr'>manifesta</span> <span class='ocrx_word' id='word_1_105' title='bbox 750 2806 790 2894; x_wconf 90' lang='lat' dir='ltr'>in</span> <span class='ocrx_word' id='word_1_106' title='bbox 808 2803 892 2890; x_wconf 88' lang='lat' dir='ltr'>luce</span> <span class='ocrx_word' id='word_1_107' title='bbox 914 2801 1076 2892; x_wconf 81' lang='lat' dir='ltr'>refulsn.</span> 
     </span>
    </p>

    <p class='ocr_par' dir='ltr' id='par_1_12' title="bbox 149 2967 1322 3594">
     <span class='ocr_line' id='line_1_17' title="bbox 149 2967 1233 3094; baseline -0.006 -35"><span class='ocrx_word' id='word_1_108' title='bbox 149 2981 263 3094; x_wconf 72' lang='lat' dir='ltr'>Qus</span> <span class='ocrx_word' id='word_1_109' title='bbox 278 2977 327 3060; x_wconf 87' lang='lat' dir='ltr'>ah</span> <span class='ocrx_word' id='word_1_110' title='bbox 343 3001 427 3063; x_wconf 91' lang='lat' dir='ltr'>tum</span> <span class='ocrx_word' id='word_1_111' title='bbox 447 2979 628 3090; x_wconf 82' lang='lat' dir='ltr'>gemitus,</span> <span class='ocrx_word' id='word_1_112' title='bbox 654 2998 741 3086; x_wconf 81' lang='lat' dir='ltr'>qnae</span> <span class='ocrx_word' id='word_1_113' title='bbox 757 2993 840 3058; x_wconf 91' lang='lat' dir='ltr'>tum</span> <span class='ocrx_word' id='word_1_114' title='bbox 855 2967 1013 3080; x_wconf 80' lang='lat' dir='ltr'>suspiria</span> <span class='ocrx_word' id='word_1_115' title='bbox 1028 2969 1078 3058; x_wconf 80' lang='lat' dir='ltr'>ab</span> <span class='ocrx_word' id='word_1_116' title='bbox 1092 2967 1175 3056; x_wconf 88' lang='lat' dir='ltr'>imo</span> <span class='ocrx_word' id='word_1_117' title='bbox 1232 3065 1233 3068; x_wconf 7' lang='lat' dir='ltr'>g</span> 
     </span>
     <span class='ocr_line' id='line_1_18' title="bbox 149 3101 1235 3258; baseline -0.006 -32"><span class='ocrx_word' id='word_1_118' title='bbox 149 3146 314 3230; x_wconf 70' lang='lat' dir='ltr'>Pectore</span> <span class='ocrx_word' id='word_1_119' title='bbox 323 3149 404 3258; x_wconf 86' lang='lat' dir='ltr'>jam</span> <span class='ocrx_word' id='word_1_120' title='bbox 412 3101 575 3255; x_wconf 31' lang='lat' dir='ltr'>&#39;culpam</span> <span class='ocrx_word' id='word_1_121' title='bbox 594 3143 707 3228; x_wconf 80' lang='lat' dir='ltr'>faffuc</span> <span class='ocrx_word' id='word_1_122' title='bbox 720 3140 850 3225; x_wconf 89' lang='lat' dir='ltr'>dedit!</span> <span class='ocrx_word' id='word_1_123' title='bbox 869 3137 971 3223; x_wconf 85' lang='lat' dir='ltr'>hand</span> <span class='ocrx_word' id='word_1_124' title='bbox 987 3163 1099 3226; x_wconf 87' lang='lat' dir='ltr'>mora</span> <span class='ocrx_word' id='word_1_125' title='bbox 1114 3135 1235 3222; x_wconf 67' lang='lat' dir='ltr'>vitius</span> 
     </span>
     <span class='ocr_line' id='line_1_19' title="bbox 151 3305 1322 3426; baseline -0.003 -28"><span class='ocrx_word' id='word_1_126' title='bbox 151 3315 270 3398; x_wconf 84' lang='lat' dir='ltr'>Exuit</span> <span class='ocrx_word' id='word_1_127' title='bbox 283 3312 511 3426; x_wconf 87' lang='lat' dir='ltr'>hostilesque</span> <span class='ocrx_word' id='word_1_128' title='bbox 523 3313 688 3414; x_wconf 78' lang='lat' dir='ltr'>animos,</span> <span class='ocrx_word' id='word_1_129' title='bbox 706 3327 953 3418; x_wconf 86' lang='lat' dir='ltr'>mentemque</span> <span class='ocrx_word' id='word_1_130' title='bbox 968 3305 1177 3416; x_wconf 79' lang='lat' dir='ltr'>benignam</span> <span class='ocrx_word' id='word_1_131' title='bbox 1288 3333 1322 3394; x_wconf 77' lang='lat'>²5</span> 
     </span>
     <span class='ocr_line' id='line_1_20' title="bbox 154 3475 1109 3594; baseline -0.013 -28"><span class='ocrx_word' id='word_1_132' title='bbox 154 3482 311 3594; x_wconf 83' lang='lat' dir='ltr'>Accipit</span> <span class='ocrx_word' id='word_1_133' title='bbox 329 3484 370 3568; x_wconf 91' lang='lat' dir='ltr'>in</span> <span class='ocrx_word' id='word_1_134' title='bbox 388 3509 503 3566; x_wconf 84' lang='lat' dir='ltr'>veros</span> <span class='ocrx_word' id='word_1_135' title='bbox 518 3477 643 3582; x_wconf 81' lang='lat' dir='ltr'>divos,</span> <span class='ocrx_word' id='word_1_136' title='bbox 664 3475 871 3586; x_wconf 84' lang='lat' dir='ltr'>divumque</span> <span class='ocrx_word' id='word_1_137' title='bbox 891 3491 1109 3581; x_wconf 80' lang='lat' dir='ltr'>parentem,</span> 
     </span>
    </p>

    <p class='ocr_par' dir='ltr' id='par_1_13' title="bbox 154 3637 1217 3920">
     <span class='ocr_line' id='line_1_21' title="bbox 154 3637 1217 3764; baseline -0.008 -30"><span class='ocrx_word' id='word_1_138' title='bbox 154 3653 246 3764; x_wconf 88' lang='lat' dir='ltr'>Jam</span> <span class='ocrx_word' id='word_1_139' title='bbox 262 3649 412 3756; x_wconf 87' lang='lat' dir='ltr'>melior,</span> <span class='ocrx_word' id='word_1_140' title='bbox 427 3650 511 3760; x_wconf 86' lang='lat' dir='ltr'>jam</span> <span class='ocrx_word' id='word_1_141' title='bbox 526 3645 669 3751; x_wconf 86' lang='lat' dir='ltr'>noster,</span> <span class='ocrx_word' id='word_1_142' title='bbox 688 3667 820 3756; x_wconf 71' lang='lat' dir='ltr'>antuus</span> <span class='ocrx_word' id='word_1_143' title='bbox 838 3665 936 3750; x_wconf 83' lang='lat' dir='ltr'>quos</span> <span class='ocrx_word' id='word_1_144' title='bbox 951 3637 1093 3742; x_wconf 70' lang='lat' dir='ltr'>ederat</span> <span class='ocrx_word' id='word_1_145' title='bbox 1112 3651 1217 3720; x_wconf 81' lang='lat' dir='ltr'>ante·</span> 
     </span>
     <span class='ocr_line' id='line_1_22' title="bbox 154 3805 1147 3920; baseline -0.015 -17"><span class='ocrx_word' id='word_1_146' title='bbox 154 3822 336 3906; x_wconf 82' lang='lat' dir='ltr'>Protinus</span> <span class='ocrx_word' id='word_1_147' title='bbox 354 3819 418 3902; x_wconf 84' lang='lat' dir='ltr'>illa</span> <span class='ocrx_word' id='word_1_148' title='bbox 436 3814 555 3900; x_wconf 84' lang='lat' dir='ltr'>animi</span> <span class='ocrx_word' id='word_1_149' title='bbox 574 3813 630 3899; x_wconf 85' lang='lat' dir='ltr'>vis</span> <span class='ocrx_word' id='word_1_150' title='bbox 647 3808 788 3916; x_wconf 78' lang='lat' dir='ltr'>vivida,</span> <span class='ocrx_word' id='word_1_151' title='bbox 813 3817 855 3896; x_wconf 86' lang='lat'>&amp;</span> <span class='ocrx_word' id='word_1_152' title='bbox 873 3831 987 3890; x_wconf 76' lang='lat' dir='ltr'>aurea</span> <span class='ocrx_word' id='word_1_153' title='bbox 1000 3805 1147 3920; x_wconf 80' lang='lat' dir='ltr'>lingna,</span> 
     </span>
    </p>

    <p class='ocr_par' dir='ltr' id='par_1_14' title="bbox 157 3967 1181 4104">
     <span class='ocr_line' id='line_1_23' title="bbox 157 3967 1181 4104; baseline -0.018 -35"><span class='ocrx_word' id='word_1_154' title='bbox 157 3991 260 4104; x_wconf 80' lang='lat' dir='ltr'>Qae</span> <span class='ocrx_word' id='word_1_155' title='bbox 275 3985 397 4072; x_wconf 89' lang='lat' dir='ltr'>modo</span> <span class='ocrx_word' id='word_1_156' title='bbox 413 3981 610 4078; x_wconf 72' lang='lat' dir='ltr'>coelicolas</span> <span class='ocrx_word' id='word_1_157' title='bbox 629 3977 747 4064; x_wconf 80' lang='lat' dir='ltr'>toties</span> <span class='ocrx_word' id='word_1_158' title='bbox 757 3973 935 4062; x_wconf 81' lang='lat' dir='ltr'>&#39;exercita</span> <span class='ocrx_word' id='word_1_159' title='bbox 948 3992 1090 4058; x_wconf 77' lang='lat' dir='ltr'>contra</span> <span class='ocrx_word' id='word_1_160' title='bbox 1111 3967 1181 4074; x_wconf 86' lang='lat' dir='ltr'>est,</span> 
     </span>
    </p>
   </div>
   <div class='ocr_carea' id='block_1_4' title="bbox 154 4145 1340 4378">
    <p class='ocr_par' dir='ltr' id='par_1_15' title="bbox 154 4145 1340 4378">
     <span class='ocr_line' id='line_1_24' title="bbox 154 4145 1335 4270; baseline -0.014 -27"><span class='ocrx_word' id='word_1_161' title='bbox 154 4155 346 4270; x_wconf 82' lang='lat' dir='ltr'>Invigilat</span> <span class='ocrx_word' id='word_1_162' title='bbox 361 4173 536 4241; x_wconf 85' lang='lat' dir='ltr'>veterum</span> <span class='ocrx_word' id='word_1_163' title='bbox 554 4176 629 4261; x_wconf 87' lang='lat' dir='ltr'>pro</span> <span class='ocrx_word' id='word_1_164' title='bbox 645 4145 848 4262; x_wconf 85' lang='lat' dir='ltr'>relligione</span> <span class='ocrx_word' id='word_1_165' title='bbox 865 4159 1083 4254; x_wconf 77' lang='lat' dir='ltr'>petentum.</span> <span class='ocrx_word' id='word_1_166' title='bbox 1295 4147 1335 4226; x_wconf 65' lang='grc' dir='ltr'>ς’·</span> 
     </span>
     <span class='ocr_line' id='line_1_25' title="bbox 1267 4294 1340 4378; baseline 0.014 -2"><span class='ocrx_word' id='word_1_167' title='bbox 1267 4294 1340 4378; x_wconf 83' lang='lat' dir='ltr'>llic</span> 
     </span>
    </p>
   </div>
   <div class='ocr_carea' id='block_1_5' title="bbox 0 0 1588 5190">
    <p class='ocr_par' dir='ltr' id='par_1_16' title="bbox 0 0 1588 5190">
     <span class='ocr_line' id='line_1_26' title="bbox 0 0 1588 5190; baseline 0 0"><span class='ocrx_word' id='word_1_168' title='bbox 0 0 1588 5190; x_wconf 95' lang='lat' dir='ltr'> </span> 
     </span>
    </p>
   </div>
  </div>
 </body>
</html>
