3168 5190
277 271 357 366 m
491 247 667 354 Mnci
707 259 1037 350 Hmduvm
1073 271 1217 354 Vm

276 490 407 598 Qam
423 511 491 568 vos
508 509 626 596 quam
645 482 751 594 juvat
767 481 933 593 undique
952 483 1146 592 expetitas

230 671 233 676 '
276 653 379 738 Huic
393 649 548 737 nesciffe
566 651 703 756 virum,
731 647 820 733 huic
838 675 975 732 necem
994 645 1141 758 subisse,

274 821 350 902 Pro
367 818 476 902 vobis
492 843 644 930 quoque
662 817 729 930 qui
751 817 906 928 integer
923 823 1171 928 peremptus!

240 981 243 988 ’
276 991 394 1072 Hunc
412 1006 454 1069 ut
470 983 636 1070 senfibus
652 983 799 1070 intimis
815 984 965 1089 amatis,

275 1147 389 1238 Toto
408 1123 450 1234 fit
467 1151 627 1261 pectore.
645 1150 829 1262 deperitis
844 1179 974 1258 unum,

275 1325 330 1404 Et
347 1316 473 1402 vestro
489 1317 544 1400 est
563 1317 603 1401 in
622 1344 756 1402 amore
773 1317 829 1405 nil
844 1343 1033 1404 amamm:

276 1493 373 1574 Haec
390 1483 443 1566 mi
459 1482 576 1567 dicite
592 1483 772 1596 virgines.
811 1482 889 1570 Sed
906 1511 1027 1576 unum
1043 1483 1116 1594 est,

276 1650 398 1766 Qod
417 1677 519 1734 nunc
536 1675 608 1732 vos
622 1649 725 1734 aliud
739 1649 856 1741 velim
875 1669 1056 1764 rogatas:

275 1817 324 1904 Id
342 1817 396 1900 mi
411 1815 528 1902 dicite
542 1817 692 1930 puriter
705 1819 876 1932 roganti,

277 1989 374 2073 Haec
389 1985 492 2067 inter
507 1984 598 2096 quid
617 2004 740 2099 agunt
757 1985 834 2069 mei
851 1983 969 2072 ambo
984 1983 1098 2072 ocelli

276 2149 492 2264 Margarita
509 2151 595 2235 rosa
612 2151 719 2262 prior
733 2151 893 2256 recenti,

275 2325 329 2406 Et
343 2315 470 2404 forma
487 2317 626 2430 Pelage
643 2316 748 2402 haud
760 2317 887 2407 minus
904 2317 1075 2426 venusta,

276 2489 384 2598 Qas
399 2512 469 2568 nos
485 2484 568 2596 plus
583 2485 701 2570 oculis
719 2511 888 2576 amamus
902 2487 989 2600 ipfis

275 2657 342 2737 De
357 2650 470 2735 nobis
489 2653 645 2738 meritas
662 2653 778 2758 bene,
801 2671 919 2766 atque
939 2659 1136 2746 amantes?

275 2826 419 2930 Ecquae
436 2819 507 2902 illis
523 2820 610 2905 aliae
625 2819 861 2909 venustiores

275 2991 326 3070 In
340 2985 466 3070 vestra
484 2985 637 3070 choreae
652 3007 791 3072 vacant
805 2993 977 3072 corona?

276 3157 339 3240 Ut
352 3153 401 3236 61
421 3169 466 3234 ut
483 3143 578 3237 mihi
594 3181 695 3240 nunc
709 3152 888 3241 videntur
903 3153 1027 3242 ambae

274 3319 364 3403 Post
379 3318 471 3404 coeli
489 3316 702 3428 dominam,
723 3319 804 3404 Dei
819 3339 1022 3432 patentem

275 3487 498 3593 Praelucere,
524 3487 688 3600 aliasque
705 3487 905 3599 praeterire

277 3649 484 3738 subsultim
502 3652 641 3778 epleris
659 3651 774 3743 duces
794 3653 969 3742 choreae!
1079 3668 1082 3676 ’

275 3827 359 3905 En!
380 3818 528 3906 blando
543 3841 587 3906 ut
605 3818 719 3933 pede,
744 3821 1005 3934 blanduloque
1026 3839 1151 3932 motu,

277 3983 396 4070 Casto
410 4007 454 4070 ut
471 4014 651 4098 corpore,
670 3985 893 4101 castlssifque
908 3989 1057 4099 ocellis,

202 4225 207 4240 ,
275 4155 430 4240 Haecut
445 4179 640 4266 pumuteo
654 4154 794 4250 rubens
812 4156 852 4250 in
867 4157 988 4265 ostro,
