3180 5184
352 201 538 281 Hrmnr
571 215 631 275 nr
665 194 833 277 Rsnus
867 195 1104 284 Drvrrsrs.
1262 231 1307 308 33

157 411 288 498 Nullus
305 415 379 497 erit
398 411 563 518 nimbus,
590 411 703 496 nnllae
722 433 812 497 toto
829 412 973 497 aethere
991 413 1126 520 nubes,

157 581 253 694 Qae
268 581 345 664 sese
361 579 563 690 objiciant,
585 589 626 663 &
641 603 804 686 opacum
820 579 950 664 lumen
964 581 1212 671 obumbrent.
1255 619 1314 684 μς

157 747 250 830 Otia
266 745 428 832 mundus
448 765 557 857 aget:
586 764 629 826 tu
647 743 745 827 solus
767 748 928 858 gignere
945 750 1094 856 prolem

155 913 377 1026 Unigenam
397 939 534 1024 perges
552 907 740 994 foecundo
757 911 797 995 in
814 911 937 996 secula
954 918 1087 1001 verbo.

151 1059 350 1194 Cignendi
368 1107 441 1163 nec
457 1080 544 1163 finis
561 1076 650 1181 erit,
675 1087 891 1192 &uterque
909 1079 1064 1166 beatam

155 1246 350 1332 Concordi
369 1247 498 1330 afflatu
515 1242 664 1354 semper
682 1244 869 1354 spirabitis
884 1273 1028 1358 auram,

157 1413 220 1495 Sol
234 1415 291 1498 uti
306 1412 568 1498 inexhaustum
589 1411 682 1496 nihil
700 1439 868 1526 unquam
888 1415 1043 1498 mittere
1059 1416 1191 1503 lumen
1258 1452 1313 1513 μς

156 1579 318 1688 Definit‚
340 1580 459 1692 nsque
479 1606 579 1662 nova
598 1577 831 1688 perfundens
847 1581 979 1665 omnia
993 1582 1089 1689 luce,

156 1747 300 1830 Omnia
315 1767 508 1856 perpetuo
522 1743 748 1830 conservans
766 1745 851 1830 fota
867 1747 1008 1834 calore.

156 1913 266 1996 Unus
283 1913 424 1997 cunsta
443 1938 553 2026 reges
563 1956 587 2010 3·
604 1911 677 1996 eris
694 1913 826 1995 omnia
842 1913 885 1997 in
901 1917 1078 2002 omnibus
1097 1947 1211 2020 unus;

157 2081 203 2160 In
220 2097 261 2162 te
279 2105 401 2162 unum
418 2076 591 2163 conversi
609 2076 744 2161 animis
762 2077 1012 2198 flagrantibus
1029 2113 1166 2172 omnes

157 2245 305 2350 Mirari,
324 2243 581 2356 ampleffique
595 2269 743 2350 omnes,
764 2247 942 2358 pascique
954 2245 1118 2362 fruique,
1261 2290 1321 2350 730

158 2417 432 2525 AEternumque
448 2430 531 2494 tuas
550 2409 783 2496 resonabunt
799 2415 932 2496 omnia
948 2413 1092 2500 laudes.

227 2579 341 2662 Salve
357 2577 501 2660 summa
519 2577 627 2682 boni,
653 2576 744 2659 fons
762 2577 856 2682 veri,
879 2575 975 2662 lucis
993 2581 1127 2693 origo!

157 2741 289 2856 Siquid
304 2743 457 2856 justitia
473 2743 528 2826 est
547 2744 674 2849 nobis,
697 2743 870 2855 rediique
892 2744 1036 2856 piique,

157 2911 196 2994 Si
210 2910 415 3022 quicquam
431 2910 593 3014 virtutis,
615 2907 655 2992 id
671 2937 802 3015 omne,
828 2910 867 2996 id
884 2909 1050 2998 fluminis
1067 2917 1185 3002 instar

158 3079 249 3164 nte
266 3074 380 3160 fonte
396 3078 503 3164 venit
521 3079 618 3160 redii
635 3077 777 3179 omnis,
798 3104 887 3160 cum
904 3081 975 3164 tibi
988 3084 1114 3195 juniii
1264 3119 1320 3183 ης

155 3241 358 3346 Haesrmns,
376 3241 475 3326 hanc
494 3241 678 3326 trahimus
693 3261 759 3326 tua
776 3271 847 3354 per
862 3250 1093 3333 commercia
1110 3268 1275 3358 partem.

156 3409 223 3492 Tu
239 3407 379 3519 pietas,
400 3427 444 3490 tu
457 3409 598 3518 justitia
616 3435 671 3513 es,
693 3428 739 3490 tu
756 3429 894 3494 caetera
910 3413 1031 3498 virtus

156 3575 314 3682 Omnis,
338 3575 434 3660 &in
450 3573 598 3656 nostras
615 3599 771 3659 emanas
787 3571 954 3688 undique
972 3601 1144 3664 mentes:

156 3743 222 3826 Tu
238 3741 352 3853 vigor
368 3768 410 3827 es
428 3767 569 3846 return,
594 3759 636 3824 tu
651 3740 723 3846 vis,
746 3761 790 3823 tu
807 3740 954 3828 lucidus
970 3745 1035 3829 ille

159 3908 366 4022 Splendor,
387 3935 468 4019 qno
485 3907 577 3990 coeli
595 3907 742 4020 regitur
755 3907 1029 4017 pulcherrimus
1046 3909 1159 3996 ordo.
1270 3947 1336 4066 πολ

158 4073 223 4162 Tu
238 4075 318 4160 Soli
335 4074 478 4182 radios,
502 4091 545 4158 tu
559 4075 707 4184 praebes
724 4075 904 4190 augmina
919 4081 1053 4183 Lunae,

835 4249 872 4326 E
1247 4239 1334 4320 Cae·
