3180 5184
365 258 547 340 Humum
580 277 645 382 uu
681 253 852 340 Rarus
885 253 1117 340 Divinus.
1274 291 1321 366 59

139 471 350 558 Mortales
367 472 508 556 iterum
523 469 631 556 miffu
642 469 836 586 genitoris
851 467 894 554 in
908 497 996 556 oras

140 637 368 744 Advenies,
394 635 597 726 hominum
612 655 658 720 ut
674 636 773 723 vitas
787 637 1004 722 &crimina
1020 665 1181 750 querar,
1328 705 1333 714 .

138 807 227 886 Pro
243 803 466 917 meritisque
484 829 599 890 voces
616 799 666 887 ad
679 829 841 913 poenam
854 815 893 890 ὅτ
908 807 1065 914 praemia
1079 835 1285 921 quemque.

137 967 213 1052 Te
235 996 360 1082 genus
376 969 588 1056 humanum
601 967 758 1082 aspiciet
772 967 921 1084 fulgere
940 999 1131 1082 peraurar
1265 1009 1320 1072 395

139 1135 301 1220 Aeneas
316 1137 421 1223 firlva
437 1137 480 1222 in
497 1137 652 1244 nebula,
678 1163 793 1248 quem
810 1135 918 1222 mille
935 1137 1143 1250 sequentur
1252 1199 1257 1205 .
1326 1207 1331 1218 .
1469 1107 1476 1120 ³

140 1303 387 1390 Sannorum
399 1305 492 1390 hinc
509 1323 624 1415 atque
636 1302 729 1389 hinc
743 1306 843 1387 acies
857 1303 1059 1416 coetusque
1076 1309 1284 1396 volucrum.

142 1467 339 1584 Qatuor
354 1499 433 1556 aere
451 1499 549 1556 cauo
565 1491 704 1562 ventos
719 1469 769 1555 de
778 1473 957 1580 ,partibus
972 1474 1077 1556 orbis
1111 1557 1113 1564 Α

146 1637 348 1722 Omnibus
365 1637 576 1724 humanum
589 1665 710 1750 genus
724 1637 799 1723 huc
815 1637 940 1722 excire
954 1639 1129 1750 jubebis;

147 1801 352 1889 Omnibus
370 1803 583 1888 innumere
596 1822 733 1918 gentes
748 1804 925 1888 afinibus
944 1801 1054 1889 ibunt
1264 1843 1322 1900 40·

149 1975 344 2095 Mnguum
363 1971 414 2055 ad
432 1973 650 2077 concilium,
676 1999 756 2056 uun
774 1991 926 2058 tantum
944 1999 1111 2084 corpora
1126 1974 1224 2083 viva,

151 2139 298 2224 Verum
318 2141 439 2224 etiam
454 2135 650 2248 quondam
665 2136 848 2230 destructa
861 2138 1047 2223 cadavera
1064 2140 1158 2247 vita,

154 2303 324 2417 Offaque
343 2305 394 2390 nb
407 2303 525 2388 exefis
540 2303 699 2418 surgent
713 2303 883 2388 rediviva
899 2305 1090 2414 sepulcris,

156 2473 285 2584 Atque
300 2475 442 2558 iterum
456 2470 609 2556 blandae
624 2470 716 2556 data
733 2471 885 2554 inibunt
899 2471 1032 2554 limina
1048 2472 1153 2554 lucis.

155 2636 264 2720 Mille
278 2637 479 2723 hominum
490 2635 580 2722 irinc
592 2639 696 2722 illinc
708 2637 822 2738 aries,
838 2663 1012 2746 novaque
1022 2636 1175 2746 agmina
1185 2637 1323 2751 ubique

153 2801 375 2894 Occurrent
391 2803 464 2887 tibi
480 2832 551 2916 per
568 2805 740 2891 volucres
759 2799 890 2912 liquidi
909 2804 1006 2884 aeris
1025 2829 1146 2887 auras.
1162 2863 1180 2876 .-
1267 2829 1325 2895 ror

224 2973 381 3052 Interea
399 2972 531 3087 magni
545 2969 739 3056 fimulator
752 2971 890 3083 judicis
908 2959 1025 3055 hostis

152 3130 356 3221 seditione
374 3157 515 3246 potens
532 3137 674 3222 multoc
690 3137 757 3222 sub
772 3138 941 3252 imagine
960 3138 1055 3222 falsa
1161 3221 1166 3232 ,

151 3301 300 3409 Ludet,
326 3303 573 3388 &abductos
591 3306 701 3387 retio
720 3304 788 3388 sub
807 3304 911 3417 figna
929 3303 1099 3412 vocabit,

153 3470 287 3581 Atque
301 3467 372 3550 tibi
391 3467 547 3554 infestas
561 3472 776 3554 contrarius
793 3470 953 3554 instruet
968 3473 1064 3554 alas:
1268 3505 1325 3559 410

152 3637 286 3748 Qem
302 3661 418 3719 verus
435 3633 570 3720 muudi
586 3662 658 3746 pro
675 3613 814 3721 talibus'
825 3637 970 3720 arbiter
985 3636 1079 3720 ausu

153 3803 331 3886 Turbine
350 3801 563 3912 corripiens
581 3821 693 3886 terrae
707 3803 784 3886 ima
799 3802 840 3884 in
858 3801 998 3886 viscera
1013 3800 1172 3887 condes.

154 3971 217 4052 Ut
232 3993 329 4052 vero
346 3991 467 4081 genus
485 3967 695 4056 humanum
712 3931 774 4052 toi
790 3966 910 4066 millia
927 3971 1073 4078 campis

880 4141 923 4218 H
948 4167 971 4216 2
1222 4132 1331 4214 Insti-
