3180 5184
385 275 570 356 Humnt
607 293 668 352 ot
703 243 869 352 Rarus
906 267 1144 353 Drvrura.
1298 289 1352 372 65

175 494 286 574 Vera
304 488 368 572 ubi
383 515 472 598 pax,
496 489 560 573 ubi
578 487 725 570 summa
743 487 864 596 quies,
888 485 954 569 ubi
974 488 1088 596 plene
1105 485 1299 600 voluptas,

176 659 356 739 Cernere
369 654 545 738 sublustri
562 682 643 738 non
661 651 874 736 enarrabile
888 653 1020 736 lumen

176 825 227 901 In
247 822 401 926 nebula,
428 819 656 904 immensum
674 817 787 902 radiis
806 845 892 930 quae
908 819 1042 906 circuit
1059 821 1217 910 orbem:
1313 849 1350 918 35
1457 916 1460 926 ,

177 989 355 1072 Luminis
368 988 410 1069 in
426 987 560 1070 medio
578 1013 711 1098 regern
726 981 848 1096 ipsum
864 985 1034 1070 ardentis
1052 987 1215 1100 Olympi

177 1160 402 1262 Ingentem,
423 1151 663 1257 immensum,
684 1151 784 1235 miro
798 1149 1005 1264 splendore
1022 1173 1267 1263 prementem

177 1319 342 1422 Omnia,
363 1317 608 1403 &humanos
626 1317 880 1430 stringentem
896 1317 1039 1402 lumine
1054 1319 1164 1403 visus.

177 1485 328 1566 Omnia
344 1485 518 1594 majestas
534 1486 676 1594 replet:
704 1485 836 1568 omnia
855 1485 979 1598 gloria
996 1484 1214 1570 obumbrat.

175 1654 344 1758 Propter
360 1679 450 1734 eum
469 1650 575 1736 sedet
590 1665 659 1734 en!
678 1669 789 1736 natus
806 1653 926 1763 patris
943 1653 1054 1736 unica
1072 1652 1201 1762 proles
1309 1687 1352 1750 40

175 1819 328 1900 AEterni
346 1840 527 1925 aeternus,
554 1817 699 1927 pariter
720 1815 798 1898 srne
814 1817 944 1928 stirpe,
967 1817 1046 1902 fine
1062 1819 1143 1902 ullo

176 1982 348 2091 semine,
367 1984 633 2096 principioque
649 2010 796 2089 carens,
821 1986 1066 2095 &temporis
1085 2011 1213 2090 exors,

175 2150 308 2260 Qm
325 2171 437 2260 pater
452 2147 569 2260 usque
585 2150 663 2232 alta
681 2146 720 2232 se
739 2149 781 2233 in
799 2149 920 2234 semet
939 2171 1072 2235 mente
1091 2149 1294 2235 reflectens

175 2313 264 2424 Ipse
282 2315 356 2398 suae
371 2337 559 2402 aeternum
578 2317 758 2429 concepit
776 2316 955 2428 imaginis
971 2317 1103 2423 instar,

174 2485 372 2568 Arcanum
388 2481 453 2566 seu
467 2483 535 2566 sub
551 2483 679 2566 tacito
691 2511 764 2567 nos
781 2485 941 2592 pediore
958 2483 1119 2568 verbum
1308 2517 1346 2578 ⁴5

175 2647 443 2758 Concipimus,
462 2647 568 2760 quod
588 2679 679 2734 mox
694 2650 904 2763 linguaque
918 2645 1091 2758 sonoque
1107 2667 1307 2758 receptum

171 2819 225 2896 lu
241 2841 374 2901 vocem
393 2817 598 2923 formetur,
625 2829 665 2904 &
685 2838 793 2901 extra
809 2837 962 2927 mmpat
976 2817 1018 2900 in
1038 2842 1160 2899 auras.

172 2981 380 3066 Ambobus
399 3010 469 3092 pat
487 2985 673 3098 majestas,
696 3011 766 3094 pat·
782 2985 923 3098 gloria,
947 2997 989 3071 &
1008 3013 1127 3068 unum

170 3150 335 3232 Numen
346 3147 643 3261 idemque,quod
655 3151 710 3233 est
720 3153 888 3264 genitor,
897 3155 1041 3265 pariter
1050 3179 1207 3266 quoque
1218 3168 1345 3258 natue,

169 3319 312 3398 Unum
327 3317 456 3422 ambo,
478 3337 641 3400 aeternus
657 3317 816 3427 pariter,
832 3321 1035 3406 immensus
1050 3341 1226 3430 uterque,
1304 3355 1343 3417 5⁰.

171 3482 439 3592 Omnipotens
458 3493 497 3566 δε
514 3500 690 3592 uterque,
710 3486 815 3568 orbis
832 3485 1042 3571 fabricator
1055 3506 1230 3596 uterque.

170 3649 247 3732 Nil
262 3651 380 3760 patris
400 3649 491 3756 stne,
511 3648 567 3731 nil
584 3650 667 3732 nati
685 3649 763 3732 fine
782 3650 940 3737 numine
958 3672 1120 3739 cretum.

241 3825 360 3900 Ecce!
380 3836 508 3898 autern
525 3815 701 3900 ulterius:
726 3820 813 3928 quis
831 3821 931 3902 tanti
947 3819 1100 3904 luminis
1116 3811 1259 3922 ardor?¹

172 3982 277 4068 Mira
291 3981 410 4066 oculis
430 3981 524 4066 mihi
542 3981 581 4066 se
599 3983 716 4066 facies
734 3985 958 4072 nutantibus
974 3987 1103 4070 offert.

173 4152 249 4236 Hic
266 4177 345 4265 ego
361 4168 489 4232 totum
507 4151 628 4236 aciem
647 4177 826 4262 cuperem
846 4180 910 4237 me
926 4174 1078 4242 vertere
1094 4155 1135 4238 in
1154 4153 1288 4267 ipsam,
1301 4189 1337 4250 rt

909 4329 932 4406 1
1278 4329 1343 4404 In·
