3168 5190
363 337 544 416 Hunni
579 355 641 414 ut
678 331 850 416 Ruaus
884 334 1115 418 D1v1n1s.
1241 305 1316 418 a61

156 558 246 638 Nos
264 548 345 634 sessi
363 575 490 636 retum
508 551 655 633 interea
673 549 829 635 visionis
847 549 969 662 iniqui
1282 574 1318 642 σς

156 719 290 804 Praeda
306 715 445 816 sumus;
471 744 600 802 coram
620 717 818 826 aspicimus
836 715 1083 826 populatibus
1101 744 1190 802 arva

156 889 302 976 Nostra
322 889 417 996 rapi,
444 889 595 971 nostros
610 885 789 969 maculari
808 883 913 970 caede
932 903 1104 992 penates.

157 1053 318 1165 Pinguia
330 1055 412 1166 jam
426 1015 789 1166 squalent'abduffis
807 1079 899 1136 arva
913 1052 1086 1163 juvencis

158 1219 360 1330 Undique,
382 1217 668 1334 pracipitesque
684 1213 817 1334 sugam
832 1220 980 1330 petiere
998 1220 1156 1304 coloni:

159 1384 318 1470 Civibus
334 1388 381 1470 6!
404 1388 562 1476 tandem
580 1391 702 1483 lucem
720 1391 771 1478 da
785 1418 943 1478 cernere
958 1391 1112 1498 nostris,
1282 1427 1321 1482 aa

158 1560 212 1637 Et
229 1554 379 1664 populis
394 1553 527 1642 redeat
546 1569 653 1646 vetus
672 1561 709 1646 in
724 1558 936 1672 precordia
950 1559 1083 1646 virtus.

158 1726 269 1804 Inter
285 1722 323 1805 se
341 1721 473 1831 positia
488 1725 592 1808 ultro
610 1726 782 1810 civilibus
800 1728 915 1812 annis

158 1893 296 1971 Pacem
315 1887 479 1998 agitent,
507 1895 659 2003 unaque
676 1892 796 1978 velint
810 1919 1012 1978 occurrere
1029 1889 1124 2000 pesti

159 2057 383 2160 Communi,
407 2077 524 2170 atque
542 2057 668 2142 ferum
684 2058 863 2146 divellere
879 2060 1017 2145 finibus
1034 2055 1196 2142 hostem.
1290 2173 1291 2180 Ν

159 2503 482 2678 DIVAE
549 2505 1326 2674 MARGARITAE

499 2837 982 2968 VIRGlNl.

408 3169 769 3282 ARGARITA,
788 3193 908 3280 tuam,
925 3172 1071 3260 senium
1088 3197 1204 3284 quam
1220 3170 1327 3254 ever·

611 3365 727 3452 terat,
742 3345 866 3432 aedem

504 3516 605 3606 Vida
621 3518 693 3603 tibi
711 3525 735 3605 ὲ
753 3521 883 3630 patrio
900 3545 1094 3606 marmore
1111 3516 1288 3602 restituit.

162 3695 240 3777 Pro
254 3713 329 3797 qua
348 3684 375 3768 si
394 3686 540 3796 pietate
559 3683 638 3770 ulla
655 3685 710 3770 est
726 3687 763 3769 ei
782 3687 908 3800 gratia
924 3686 1026 3797 apud
1041 3708 1083 3771 te

231 3861 358 3958 Parta,
380 3851 619 3938 sacerdotem
637 3850 796 3963 respice,
816 3855 932 3960 Diva,
958 3873 1080 3938 tuum.

163 4021 263 4104 Non
278 4045 425 4125 aurum,
445 4046 541 4126 nou,
558 4047 655 4132 quos
674 4019 808 4133 vulgus
826 4017 997 4131 suspirat,
1014 4017 1199 4128 honoret,
1308 4049 1324 4110 5

234 4189 347 4292 Non,
365 4183 485 4300 longa
502 4188 544 4272 in
563 4187 674 4274 tertia
688 4188 734 4275 sit
748 4185 818 4274 fibi
834 4187 927 4297 vita,
947 4185 1070 4300 petit:

1182 4355 1329 4444 verum
