3160 5198
299 277 376 342 162
516 267 700 342 Mrucr
741 263 1065 346 Hruuouruu
1107 269 1248 351 Vruu'

294 481 370 558 Pro
388 474 466 559 sese
486 477 572 586 post
591 475 694 582 hinc,
722 479 815 562 dum
834 480 1001 562 interris
1021 481 1099 562 vita
1116 504 1303 565 maneret.
1401 515 1441 578 ¹35

294 647 448 728 Tantus
468 670 591 748 amor,
614 666 727 728 tanto
744 645 977 729 cumulatum
996 645 1110 758 liquit
1125 647 1286 731 honore.

293 815 470 896 Tantum
488 812 528 894 in
547 831 587 892 te
606 813 738 922 potuit
755 811 1128 920 supremummuuus
1147 816 1272 920 amici,

292 983 361 1068 Ne
381 978 451 1060 tibi
469 1003 585 1088 quam
603 981 719 1064 vesses
738 977 829 1060 teda
846 981 988 1062 sociare
1000 981 1121 1090 jugasi

292 1142 527 1260 Ignarusque
542 1147 751 1256 expersque
771 1146 862 1248 tori,
886 1141 976 1226 dum
996 1143 1096 1230 visus
1113 1149 1152 1229 in
1171 1148 1269 1232 or’oe
1284 1175 1336 1232 er.

292 1312 446 1398 Scilicet
460 1309 640 1398 addecuit
656 1309 854 1396 costodem
873 1309 1029 1422 virginis
1050 1315 1137 1418 effe,
1397 1347 1442 1399 140

291 1482 374 1594 Qi
394 1507 519 1590 neque
537 1479 745 1583 connubia,
765 1478 926 1562 Veneris
946 1505 1071 1588 neque
1088 1507 1245 1563 munera
1262 1481 1390 1565 nosset.

291 1647 471 1732 Sausiior
487 1646 590 1728 iutus
606 1671 728 1748 amor,
751 1641 815 1726 fax
831 1645 980 1754 gratior
994 1645 1098 1726 intus
1116 1645 1260 1732 edebat

288 1815 442 1900 Noues
461 1834 578 1923 atque
594 1813 676 1894 dier
695 1812 854 1893 veniens
872 1809 969 1893 illius
989 1813 1038 1894 ab
1057 1839 1139 1916 ore,

289 1981 371 2094 Qi
390 1979 533 2063 coelum
552 1978 675 2081 vultu,
698 1975 1020 2088 tempestatesque
1036 1965 1198 2062 serenat*

289 2149 379 2234 Sole
398 2147 552 2231 oriente
567 2171 717 2248 recens,
742 2145 801 2226 ves
818 2151 905 2225 Eoo
919 2144 1116 2251 pulchrior
1133 2148 1245 2229 astro.
1396 2171 1438 2229 ru

193 2343 196 2360 ¹
287 2319 394 2402 Ante
413 2313 545 2396 serunt
563 2312 744 2400 hesterno
760 2313 880 2394 etiam
899 2331 939 2392 te
958 2313 1115 2420 vespere
1135 2314 1261 2397 amico

285 2480 501 2566 Incubuisse
518 2481 612 2584 finu,
637 2479 776 2562 somno
794 2505 838 2564 ac
856 2503 1029 2562 moerore
1048 2501 1250 2590 gravatum

284 2647 362 2732 Cui
378 2649 521 2756 postue
534 2667 653 2758 eaput
671 2645 856 2748 haerebas,
883 2644 1056 2730 sublimia
1074 2645 1167 2728 coesi

286 2821 439 2902 Arcana
454 2813 544 2896 hinc
563 2810 764 2922 sensusque
785 2817 913 2894 Deum
932 2813 1081 2896 traxisse
1101 2839 1171 2921 per
1189 2839 1337 2896 omnes.

283 2982 362 3066 Hic
381 2981 451 3062 tibi
467 2978 657 3089 precipue
673 2978 795 3062 diuini
815 2977 953 3086 pabula
969 2979 1110 3063 amoris
1396 2979 1440 3070 ις’.

283 3148 444 3260 Largius
460 3143 590 3230 hausta
608 3171 710 3248 reor,
732 3173 817 3256 quae
835 3143 961 3227 verbis
978 3167 1018 3228 te
1036 3145 1125 3264 inde
1136 3147 1294 3260 juvabat

282 3309 490 3402 suavidicis
507 3311 585 3394 sate
604 3311 786 3393 mortales
805 3311 985 3424 spargere
1001 3313 1040 3396 in
1058 3341 1206 3400 omnes.

280 3479 353 3565 Nil
370 3479 438 3561 nisr
457 3479 700 3588 predulcem,
727 3503 961 3589 quecunque
980 3481 1127 3581 effatus,
1148 3503 1322 3562 amorem

186 3739 188 3744 ,
280 3652 366 3731 Ore
382 3645 615 3758 loquebaris:
649 3645 720 3725 tibi
738 3665 822 3725 erut
840 3640 911 3727 tibi
930 3645 1050 3728 dulcis
1072 3647 1201 3730 inore

279 3821 581 3922 Semperamon
608 3810 790 3904 blandum
812 3811 978 3920 spirabrs
995 3811 1143 3922 semper
1161 3837 1349 3922 amorem,
1392 3849 1436 3910 ru

276 3990 418 4065 Mutua
435 3977 643 4067 concilians
662 3977 863 4060 hominum
882 3977 965 4060 sera
982 3981 1142 4088 pestora
1160 3977 1272 4062 diois

276 4155 387 4232 Inter
403 4147 454 4254 se,
469 4145 704 4258 placideque
723 4145 850 4228 serens
866 4145 970 4228 bona
987 4144 1129 4232 semina
1147 4145 1266 4256 pacis,

1332 4313 1441 4394 Unus
