3180 5184
238 272 287 359 86
451 265 635 350 Muct
674 259 1008 345 flmouuux
1045 259 1190 344 Vtue

233 478 396 568 Pulcher
410 478 495 566 luce
512 478 649 592 mugit,
674 475 737 564 vel
757 473 879 564 fidere
896 473 1108 583 matutino,

304 651 486 732 Oceanus
504 643 655 758 liquidis
669 643 777 758 quod
793 641 1022 730 modulavit
1038 643 1162 754 aquis.

236 803 313 902 Sed
329 843 443 927 quem
462 813 527 902 hic
543 833 585 898 te
603 813 772 924 aspicio?
796 809 880 899 hauc
893 807 1009 898 faciet
1025 831 1145 896 tuane
1163 811 1228 900 iiia
1247 809 1428 898 setena?

307 983 416 1067 Hine
428 983 555 1068 oculi?
581 981 644 1068 hic
659 977 772 1070 roseo
786 997 917 1094 gratu
928 981 972 1068 in
984 1005 1057 1066 ore
1070 979 1206 1066 color?
1370 999 1427 1056 6ο

238 1153 420 1236 Aureane
437 1149 521 1240 haec
536 1149 661 1236 menti
676 1151 846 1263 lanugo?
871 1147 948 1234 hoe
965 1149 1121 1236 verticis
1138 1173 1274 1232 autum

307 1323 556 1428 Propexuut?
581 1315 643 1402 hic
659 1336 749 1404 toto
765 1343 933 1428 conpore
948 1313 1092 1428 priscus
1109 1313 1260 1399 honos>

239 1486 331 1599 Qa
345 1485 467 1572 modo
479 1513 629 1598 cunque
644 1485 740 1594 ibas,
759 1485 892 1570 blandi
907 1511 1010 1570 nott
1025 1483 1173 1568 semine
1184 1483 1327 1567 amoris

306 1654 501 1768 Jastabas,
521 1653 620 1742 duiti
636 1655 677 1740 in
693 1681 764 1738 ore
780 1653 938 1738 sedebat
952 1679 1075 1738 emor.

239 1827 404 1906 Huncne
419 1849 497 1936 ego
514 1821 712 1932 conspicio
729 1842 784 1927 te,
810 1820 1076 1910 fotmoiiffime
1091 1825 1243 1902 retunt?
1377 1839 1418 1910 ct

314 1995 403 2073 Heu
420 1991 547 2074 color!
565 1990 642 2076 heu
655 1991 798 2100 species
814 2015 929 2102 quam
947 2008 1015 2072 tua
1036 1986 1250 2072 sannatia!

240 2153 459 2268 Squaliduit
474 2177 519 2242 ut
536 2153 666 2265 faciet,
692 2179 738 2244 ut
753 2157 884 2246 laffuia
899 2156 1044 2244 lumina
1064 2155 1206 2240 liventi

312 2321 555 2437 Languiduit
570 2343 615 2410 ut
631 2327 774 2433 cervix,
797 2345 952 2410 mortua
967 2343 1011 2412 ut
1026 2349 1097 2407 ort
1109 2323 1267 2436 jacent!

242 2491 341 2574 Non
355 2519 401 2574 ea
415 2491 601 2596 caesaries,
626 2515 885 2606 concretaque
905 2491 1089 2604 sanguine
1104 2489 1238 2596 barba,
1288 2477 1293 2485 ¹

315 2663 414 2744 Non
432 2661 489 2744 est
505 2661 537 2744 is
553 2661 669 2782 plane
685 2664 753 2776 qni
767 2662 889 2746 modo
905 2659 1031 2744 vuitus
1051 2677 1150 2744 etat.
1380 2695 1423 2750 tt

244 2829 355 2908 Serta
374 2846 506 2914 tamen
522 2829 654 2935 capiti,
681 2830 854 2941 regisque
870 2827 1029 2940 inignit
1046 2853 1180 2934 cerno,

313 2991 389 3076 Sed
407 3018 494 3103 quae
509 2993 695 3080 vulnificis
712 2995 881 3080 sentibus
899 2994 1003 3099 hirta
1017 2994 1166 3108 rigent:

243 3165 297 3242 Et
315 3157 460 3266 pictum
478 3159 593 3244 video
611 3187 750 3272 tmpus
763 3164 932 3276 juvenile
952 3163 1108 3270 tubere,

315 3323 393 3408 Sed
409 3352 524 3437 quem
544 3327 698 3416 haustus
712 3330 841 3445 flagris
855 3329 988 3442 sparsit
1007 3333 1150 3444 ubique
1166 3355 1292 3415 emor.

244 3492 311 3576 Ne
329 3493 475 3602 palmas
491 3525 635 3607 morer,
664 3521 730 3586 aut
751 3501 964 3584 terebratas
980 3499 1136 3611 cuspide
1151 3502 1316 3611 plantus,
1383 3533 1421 3594 π

196 3659 199 3670 ’
315 3663 394 3745 Hei
414 3663 528 3750 mihi!
550 3697 667 3782 quam
687 3671 809 3754 latum
825 3670 986 3780 pectore
1003 3671 1138 3754 vulnus
1156 3668 1257 3752 hiat!

244 3829 369 3940 Qod
385 3835 470 3918 tulit
486 3863 552 3946 aes,
574 3865 749 3950 quaenam
766 3837 872 3924 hasta
891 3859 962 3921 tuo
977 3835 1180 3948 intepuiffe
1194 3841 1356 3918 cruore?

316 4003 502 4117 Nectum
520 4033 569 4090 aes
589 4005 770 4092 delicuit?
797 4033 870 4092 nec
883 4003 1083 4118 fnitlhasta
1097 4005 1216 4091 cinis?

1318 4167 1424 4252 Cum
